3509 5392
657 615 924 763 ω
1007 689 1012 698 Ι
1195 641 1245 716 ‚7³

275 807 518 892 diminutione
546 812 663 891 cultus
685 809 813 888 Dividi
836 813 1080 910 apraebendi's
1099 817 1170 896 fitis
1189 823 1303 923 longo
1349 915 1358 922 ⁸

274 947 447 1027 tempore
470 925 588 1005 abesse
610 934 688 1004 non'
713 924 883 1022 poliunt,
923 932 1098 1032 duntaxat
1116 951 1190 1010 u'no
1209 957 1303 1013 amm

278 1067 497 1144 quacunque
513 1045 575 1120 via
585 1044 692 1120 etiam
701 1041 915 1140 prebendas
924 1042 1003 1122 suas
1018 1049 1139 1146 adepti
1152 1049 1303 1146 fuerint,
1392 1127 1403 1148 χ

276 1163 523 1259 expectent&
545 1161 725 1238 fruitibus
752 1158 847 1236 illius
866 1161 1073 1263 praebenda
1097 1187 1220 1243 carcre
1241 1171 1304 1246 de-

274 1277 396 1372 beant,
416 1280 482 1376 qui
497 1279 642 1377 quidem
657 1273 799 1354 fructus
815 1274 965 1356 fabricae
981 1281 1147 1380 Ecclefiae
1159 1288 1303 1382 cedant,

275 1397 522 1502 permittimus
548 1381 848 1472 tamennecano
870 1395 914 1471 ,d
934 1395 1104 1492 Capitulo
1129 1413 1171 1475 ut
1184 1399 1231 1476 ab
1258 1426 1304 1482 eo

274 1515 333 1610 qui
351 1537 424 1610 per
442 1516 542 1593 via‘m
561 1511 810 1616 refignationis
826 1513 1187 1609 velpcrrnutatianis
1207 1544 1305 1617 prae-

275 1627 432 1702 bendum
449 1629 600 1724 adeptus
620 1625 747 1719 suerit,
772 1624 930 1721 duplicia
949 1626 1079 1703 statuta
1093 1630 1304 1726 recipere&

275 1741 393 1818 eidem
407 1739 616 1842 hujusmodi
631 1733 764 1820 annum
781 1739 1016 1838 expectanda
1026 1745 1303 1848 remittetepos·

276 1853 354 1932 fint.

644 2029 839 2109 CAPVT
887 2029 935 2108 X.

277 2162 438 2268 Qualiter
465 2137 621 2256 manant
645 2165 768 2262 &sex
787 2165 1018 2264 proueniant
1034 2162 1304 2265 scampinam
1412 2176 1415 2191 ·

510 2278 721 2378 reficientium
739 2281 892 2378 complere
909 2277 1079 2355 debeam?
1171 2281 1175 2287 ’
1320 2289 1324 2296 ’

276 2387 368 2498 item
394 2423 596 2519 volumus,
627 2437 668 2500 ut
694 2423 898 2522 quicunque
919 2424 958 2500 in
981 2422 1203 2501 Canonicum
1227 2420 1331 2503 livea

278 2542 571 2638 praebendarium
587 2543 750 2622 Ecclesrae
768 2547 897 2620 nollrae
914 2561 1080 2646 receptus
1090 2545 1216 2635 fuerit,
1224 2545 1304 2642 post
1372 2630 1377 2641 ‚

277 2676 383 2730 annos
401 2657 640 2754 expeclantiae
651 2682 718 2756 per
728 2659 911 2762 integrum
928 2675 1058 2759 annum
1077 2657 1303 2759 personalem

276 2770 501 2848 resrdetrtiam
517 2774 725 2852 continuam
750 2776 788 2852 in
805 2778 932 2851 eadem
950 2775 1097 2852 ecclesnt
1115 2772 1304 2848 facerete·

275 2909 422 2988 nentur,
443 2885 484 2972 'in
502 2919 573 2996 qua
591 2896 781 2978 residentia
797 2901 946 2978 existens
965 2898 1037 2977 stne
1058 2898 1204 2976 licentia
1225 2895 1302 2974 De·

274 3013 348 3089 cani
363 3029 430 3090 aut
445 3013 594 3094 senioris
622 3018 794 3096 Canonici
815 3041 839 3094 a
868 3017 964 3096 didit
980 3017 1125 3096 ecclesia
1144 3030 1214 3116 per
1231 3024 1298 3092 no·

274 3123 366 3204 ilem
387 3129 415 3205 st
436 3128 474 3208 se
491 3128 749 3231 absentaverit,
773 3131 915 3210 studius
930 3149 1122 3231 perceptos
1137 3127 1308 3210 restitues

273 3271 310 3326 re
329 3247 368 3324 dc
393 3249 623 3339 reddentium
639 3249 739 3328 suam
756 3253 799 3326 de
814 3273 913 3326 novo
932 3251 1104 3328 inchoare
1118 3250 1301 3350 obligatus

272 3365 312 3442 srt
330 3365 367 3440 tiz
392 3364 597 3444 adstrictus.
663 3369 755 3444 Item
776 3366 1052 3446 Canonicusseu
1073 3365 1301 3466 seirpraeben·

273 3485 395 3560 darius
421 3485 547 3560 volens
564 3486 721 3584 primam
736 3481 836 3592 suam
860 3487 1088 3566 restdcntiam
1111 3488 1298 3592 inchoare,
1321 3534 1324 3539 <

271 3622 440 3685 teneatur
456 3608 604 3688 Decano
633 3609 669 3686 dr
693 3611 863 3708 Capitulo
882 3612 1050 3690 intimare
1078 3612 1173 3688 diem
1190 3609 1224 3684 dr
1240 3610 1301 3684 de·

271 3725 414 3827 ngnare
430 3724 616 3800 honestam
631 3721 821 3821 personam
834 3725 988 3803 ecclesrae
1006 3752 1089 3834 curn
1109 3749 1181 3827 qua
1194 3724 1301 3802 habi·

272 3853 377 3911 turus
396 3831 442 3908 fit
465 3833 622 3911 mensam
641 3833 677 3912 dc
693 3836 927 3929 domicilium,
954 3839 1019 3917 nist
1042 3839 1145 3935 prius
1162 3838 1303 3914 curiam

273 3947 500 4026 claustralem
519 3953 558 4047 g)
577 3952 637 4026 vel
657 3953 824 4050 proprias
846 3951 1017 4049 expensas
1036 3951 1220 4029 habuerit.
1317 3986 1321 3992 v
1375 4025 1379 4037 ,

395 4057 399 4064 ’
793 4065 868 4159 Ες
1156 4064 1251 4140 Item

316 4191 364 4288 g)
386 4184 483 4258 AEdes
513 4189 761 4260 canonicorum
784 4193 819 4260 in
839 4193 1047 4264 immunitate
1079 4191 1130 4264 vel
1154 4187 1302 4266 clnullro.

370 4285 523 4382 Capitula
541 4285 653 4357 Caroli
670 4287 762 4357 Calvi
781 4290 830 4366 tit.
842 4312 902 4381 41.
920 4315 990 4387 cap.
1012 4314 1046 4384 9,
1085 4292 1133 4361 Ut
1148 4283 1302 4386 Episcopi

370 4387 407 4453 in
423 4381 603 4482 civitatibus
619 4379 679 4456 suis
694 4381 884 4484 proximum
899 4390 1046 4464 Ecclesiae
1074 4386 1302 4460 claustrulum-

1162 4480 1250 4556 ilitu-
