3509 5392
655 667 987 780 W
1162 643 1371 766 ¹ss.

271 879 375 941 mam
400 857 657 936 continentiam
673 875 782 957 atque
804 861 1101 938 tenorem‘etiem
1117 883 1234 971 usque
1262 863 1308 938 ad
1357 955 1362 966 ‚
1420 885 1424 891 ⁴

273 979 430 1060 totalem
455 977 564 1074 ipsius
589 979 901 1056 confirmationem
919 983 1118 1076 procedere
1138 982 1308 1084 dignare-
1333 1067 1340 1098 x

271 1113 373 1168 mur.
431 1094 510 1170 Nos
528 1093 642 1196 igitur
666 1093 799 1170 Paulus
813 1091 989 1170 D‘ecanus'
1010 1091 1046 1170 dc
1064 1091 1307 1170 Commissari·
1367 1105 1372 1110 ’

274 1235 317 1288 us
341 1209 514 1309 prefatus
539 1214 763 1290 attendentes
796 1209 1067 1310 requisitionem
1097 1209 1309 1309 hujusmodi

273 1327 356 1406 fore
371 1328 562 1427 justum&
586 1329 777 1409 consonam
797 1329 931 1408 rationi
947 1325 1212 1426 diiiiqueRriri
1232 1324 1307 1402 Dlii

271 1440 392 1518 nostri
408 1441 532 1520 Archi
547 1441 715 1543 Episcopi
733 1441 944 1545 Mogontini
960 1441 1065 1520 nobis
1079 1441 1118 1518 in
1137 1442 1208 1519 hae
1220 1461 1307 1536 par·
1358 1530 1362 1537 ⁴

272 1574 308 1634 te
325 1556 515 1640 directum
532 1563 743 1652 mandatum
760 1572 975 1637 reverenter
987 1558 1117 1656 exequi
1132 1573 1244 1654 prout
1251 1570 1306 1630 te·
1408 1559 1414 1578 “

271 1681 414 1754 neruur
434 1697 478 1752 ac
494 1677 604 1755 etiam
625 1665 727 1775 juxta
753 1674 956 1752 dosirinam
979 1674 1154 1774 Apostoli
1170 1673 1307 1753 nemini

270 1798 344 1874 cito
368 1815 502 1872 manns
523 1797 711 1894 imponere
730 1791 792 1872 sed
821 1793 1018 1890 unicuique
1045 1790 1232 1891 jus-sunm
1249 1789 1304 1867 sa-

272 1935 363 1990 num
383 1911 420 1990 dr
436 1912 578 1993 illesum
590 1909 808 1992 conservare
826 1912 988 1988 volentes
999 1911 1043 1985 de
1056 1909 1092 1986 dc
1105 1907 1306 2007 superpre-

273 2027 388 2110 miffis
419 2017 611 2129 publicum
637 2027 866 2108 decrevimus
904 2011 1197 2125 proclamationis
1227 2025 1304 2102 edi·

272 2146 401 2242 uum,
427 2147 578 2226 citantes
593 2146 847 2226 nichilominus
870 2143 1045 2222 omnes&
1065 2142 1225 2244 fingulos
1237 2136 1304 2216 sua

272 2261 524 2341 communiter
553 2262 785 2342 veldivisrm
812 2259 978 2338 interesse
1000 2233 1202 2356 putdntes,
1234 2275 1303 2352 per

272 2378 371 2458 idem
398 2381 589 2477 publicum
613 2380 907 2478 proclamationis
928 2379 1084 2456 edisium
1108 2379 1155 2453 ad
1183 2375 1304 2449 dicen·
1439 2463 1450 2474 .

275 2492 364 2568 dum
381 2489 420 2566 dr
437 2495 695 2590 opponendum
719 2493 890 2591 quicquid
903 2492 1020 2570 verbo
1037 2491 1099 2566 vel
1115 2484 1302 2582 inscriptis

276 2620 407 2681 contra
431 2602 638 2702 hujusmodi
665 2605 940 2705 permutationis
962 2603 1151 2708 negotium
1179 2599 1302 2689 dicere

278 2715 353 2793 five
367 2738 557 2816 opponere
575 2719 768 2812 volebant,
793 2743 931 2819 nosque
953 2717 1225 2818 ieiunium&
1244 2718 1301 2796 in-

277 2831 433 2926 teresse,
463 2830 490 2909 fi
518 2836 614 2931 quod
638 2833 687 2910 eis
710 2849 936 2932 competeret
955 2831 1015 2911 seu
1036 2833 1166 2932 quovis
1189 2818 1301 2909 modo
1410 2873 1414 2880 -

281 2957 490 3040 competere
505 2939 619 3039 posset
636 2940 759 3020 saltem
775 2945 936 3046 legitime
961 2942 1208 3040 informaturi,
1231 2963 1300 3018 nee

280 3078 352 3135 non
366 3055 415 3130 ad
433 3055 704 3151 procedendum
721 3055 755 3140 dc
771 3077 837 3151 per
858 3081 923 3134 nos
938 3058 977 3134 in
992 3055 1200 3153 hujusmodi
1214 3079 1302 3154 per-

278 3167 492 3252 mutationis
511 3167 663 3270 negocio
687 3169 793 3246 etiam
815 3172 997 3268 usquead
1018 3173 1168 3249 totalem
1189 3169 1300 3267 ipsius

280 3281 626 3364 consummationem
659 3286 832 3364 inclusive
862 3288 1014 3386 procedi
1041 3288 1240 3391 videndum
1262 3285 1303 3366 in

279 3413 422 3476 certum
440 3400 726 3496 peremptorium
747 3404 944 3496 terminum
958 3420 1222 3499 competentem
1242 3392 1300 3482 vi·
1415 3481 1425 3488 .

280 3513 413 3591 delicet
422 3512 518 3592 diem
535 3513 711 3594 dehoram
728 3516 986 3617 infrascriptos,
1012 3519 1142 3618 quibus
1154 3521 1302 3617 quidem

280 3624 339 3703 die
354 3623 393 3700 dr
407 3623 501 3702 horu
514 3629 787 3710 advenientibus
801 3647 1087 3729 comparuerunt
1100 3655 1303 3718 coramno-
1333 3671 1344 3682 ν

278 3735 335 3814 bis
354 3736 592 3816 Venerabiles
614 3743 845 3820 honorabiles
864 3765 907 3818 ac
922 3741 1066 3820 discreti
1079 3743 1154 3818 viri
1168 3744 1299 3822 Domi·

277 3853 317 3934 ni
340 3853 519 3941 Jolannes
542 3860 660 3956 Sprcht
692 3865 733 3936 de
753 3861 962 3957 solennem
993 3862 1194 3940 Canonicus
1216 3865 1303 3968 Ma·

278 3970 522 4074 gununenfis,
549 3975 782 4059 Venerabiles
801 3979 835 4054 dr
854 3978 1301 4074 GeneroerominiDyet-

279 4101 350 4180 ieri
373 4101 417 4175 de
431 4099 604 4206 Isemburg·
629 4108 777 4212 Comitis
798 4107 835 4184 in
852 4103 1034 4198 unone-en
1048 4107 1303 4186 Canonicifie-

280 4228 384 4310 clesre
403 4226 519 4314 santii
542 4235 643 4314 Petri
666 4235 923 4322 Fritzlariensrs
942 4259 989 4314 ex
1010 4259 1103 4333 una,
1127 4238 1301 4324 Jolannes

282 4354 462 4453 Huncnmn
476 4381 672 4464 perpetuus
680 4365 719 4444 in
739 4363 834 4442 deta
842 4361 997 4441 Ecclesia
1006 4365 1306 4467 major-inlegen-

770 4493 806 4572 D
836 4513 862 4584 4
1083 4564 1087 4570 ,
1178 4490 1255 4571 tina
