3509 5392
456 635 461 667 ‘
502 660 570 742 136
829 634 1112 777 Q

452 843 575 938 νὶιίιιιιι
592 841 724 942 spira,
757 863 848 940 quos
880 844 969 924 alias
991 847 1146 948 Joampo
1176 847 1342 941 Georgius
1364 844 1487 926 Fran
1511 748 1513 883 1

451 963 632 1062 sirasirin,
670 961 887 1073 Presbyter,
925 967 1013 1044 dum
1034 966 1217 1059 viram,-
1241 968 1394 1046 ultimus
1419 989 1487 1043 ec-
1512 942 1513 1029 l

454 1101 541 1160 rum
556 1063 727 1159 Pbiieffor
752 1077 969 1179 obtinebat,
1003 1102 1073 1180 per
1089 1053 1229 1158 obitum
1251 1083 1416 1182 ejusdem
1440 1087 1514 1177 de

410 1256 420 1272 .
453 1196 586 1280 Mense
604 1197 829 1292 Februario,
860 1223 924 1298 qui
911 1197 1166 1297 'Capitularis
1189 1213 1296 1292 erat,
1323 1219 1488 1277 vacave-

454 1316 556 1412 rint,
578 1315 617 1392 c
630 1329 760 1392 vacent
774 1314 811 1392 in
824 1312 1002 1409 Praesens,
1037 1336 1167 1391 eorum
1189 1316 1338 1392 collatio
1356 1329 1488 1394 autem

455 1432 590 1534 vigore
602 1431 806 1530 primamm
819 1430 971 1512 Prec'um
982 1428 1489 1520 secundumconsuetudinem

343 1543 350 1566 ⁸
456 1545 497 1626 tic
515 1547 664 1626 Morem
679 1545 914 1622 nostrorum
902 1571 940 1624 ur
952 1545 1174 1645 Episcopatu
1190 1545 1489 1683 SpiraaPraedc·

265 1733 268 1744 .
372 1744 376 1754 ,
444 1660 635 1742 celsorum
650 1661 755 1740 uobis
773 1665 1058 1760 competentium
1081 1684 1153 1763 pro
1163 1666 1233 1742 hac
1252 1664 1334 1770 uice
1349 1666 1398 1748 ad
1414 1684 1485 1740 nos

401 1861 408 1875 ,
456 1763 620 1874 spectare
635 1773 894 1880 dignoscatur}
916 1778 1026 1854 Nos
1014 1779 1158 1880 igitur,
1192 1801 1238 1855 ue
1254 1781 1371 1857 cultus
1387 1776 1489 1855 divi·

426 1917 442 1963 ,·
457 1913 526 1970 nus
547 1889 583 1966 in
598 1889 774 1988 praedrila
783 1887 914 1968 Eccles
904 1912 939 1965 a
953 1882 1224 1968 Detrimentum
1240 1891 1419 1988 patiatur,
1435 1887 1490 1966 ei·
1517 1930 1518 1957 ι

368 2000 372 2016 ’
455 2009 604 2086 demde
627 2008 760 2088 idoneo
786 2003 1003 2084 canonico
989 2012 1127 2086 starum
1142 2007 1343 2104 providem
1354 2010 1489 2087 volen-

345 2197 364 2228 ,-
456 2145 533 2219 tes,
558 2120 646 2214 tibi,
671 2120 772 2217 cujus
792 2119 877 2195 vitae
894 2119 1089 2220 honestas
1113 2120 1269 2197 Morum
1295 2121 1503 2218 Probitas‚·

456 2243 601 2342 aliaque
612 2239 808 2318 laudabilia
825 2237 1018 2314 Virtutum
1032 2235 1163 2312 merita
1177 2238 1335 2316 aliorum
1352 2237 1488 2316 fidedi-

455 2383 618 2466 gnorum
643 2355 865 2456 Testimonio
883 2353 988 2430 nobis
1002 2355 1314 2448 commendantur,
1328 2354 1488 2432 Cauoni

457 2495 583 2554 catum
598 2473 632 2559 ba
647 2471 882 2549 Praebendam
909 2467 1095 2568 prefatos,
1119 2465 1301 2564 praemilio
1318 2466 1396 2544 five
1414 2467 1487 2556 alio

354 2687 356 2695 Ι
458 2591 591 2688 quovis
607 2591 718 2668 modo
742 2604 933 2676 vacantes,
962 2607 1045 2665 cum
1062 2583 1145 2683 ipfis
1166 2581 1289 2659 forsan
1312 2585 1487 2684 annexis,

455 2740 501 2795 ac
520 2710 687 2788 omnibus
710 2703 944 2798 Honoribus,
970 2703 1135 2796 Juribus,
1161 2699 1332 2777 oneribus
1347 2699 1384 2775 lic
1398 2723 1489 2798 per.

456 2825 619 2910 tinentiis
647 2817 718 2904 suis
745 2822 968 2900 authoritate
1003 2820 1187 2896 ordinaria
1217 2817 1314 2894 οιιιιιί
1339 2821 1488 2908 meliori

455 2952 599 3062 modo,
615 2947 705 3038 Jure
728 2938 764 3017 cir
786 2942 928 3034 forma,
964 2939 1096 3036 quibus
1116 2938 1244 3016 melius
1264 2935 1450 3036 poffumus
1474 2993 1487 3031 ,

406 3060 408 3068 '
451 3063 591 3165 vigore
595 3025 847 3160 praeseatium
870 3055 1077 3132 nostrarum
1105 3053 1327 3132 conferimus
1350 3051 1489 3132 uam·

393 3179 399 3186 “
454 3201 626 3280 mansus,
651 3177 697 3255 de
713 3177 856 3272 illisque
871 3174 939 3250 tibi
958 3176 1214 3272 providemus,
1249 3173 1336 3248 &tc
1358 3193 1488 3250 coram

316 3299 318 3310 ’
454 3297 561 3384 nobis
578 3310 733 3394 propter
745 3294 817 3370 hoc
832 3291 936 3370 flexis
952 3292 1106 3394 genibus
1129 3291 1333 3368 humillime
1355 3287 1488 3366 consti-

453 3426 577 3490 tutum
596 3411 631 3487 Gr
650 3425 921 3508 receptantem,
954 3408 1110 3504 receptis
1132 3409 1235 3505 prius
1258 3408 1294 3484 lic
1313 3405 1483 3506 praestitis

395 3593 403 3602 .
453 3553 523 3632 per
539 3546 574 3606 te
597 3531 657 3604 vel
672 3530 952 3606 Procuratorem
966 3541 1072 3602 tuum
1091 3527 1311 3606 Proicliione
1333 3531 1420 3610 fidei
1444 3536 1484 3614 δι

452 3644 790 3743 juramentorum
803 3643 909 3720 nobis
924 3642 959 3718 ie
972 3642 1102 3719 nostris
1119 3643 1157 3718 in
1174 3643 1392 3745 Episcopatu
1401 3650 1486 3750 Spi.

415 3781 418 3795 ’
451 3783 532 3844 ren.
554 3755 812 3872 succellbribus
840 3787 923 3841 cum
942 3762 1177 3840 Reverentia
1188 3766 1360 3857 obediens
1380 3770 1417 3846 u
1438 3773 1484 3850 fi-

452 3877 541 3960 delis
565 3876 634 3956 elie
649 3882 762 3981 valis,
783 3901 852 4002 per
864 3881 982 3961 Bireti
992 3874 1115 3978 Capiti
1131 3895 1195 3958 tuo
1209 3883 1482 3982 impositionem

310 4013 312 4020 ¹
421 4069 424 4080 ¹
449 4019 535 4078 epm
552 3995 642 4094 juris
662 3987 836 4077 Canonici
861 3996 1085 4073 Plenitudine
1099 3999 1311 4078 investimus
1327 4005 1480 4107 quocir-

450 4111 496 4192 c'u
513 4112 705 4190 Univerfis
721 4115 757 4190 u
779 4111 927 4212 iugulis
950 4110 1385 4213 PerionisEcclesoasticis,
1399 4122 1481 4198 No·

411 4237 414 4246 “
449 4227 551 4328 taliis
566 4223 843 4300 Tabellionibos
869 4209 1026 4318 publicis
1045 4229 1176 4304 nostrae
1193 4229 1335 4330 Spiren.
1364 4231 1483 4310 Diue-

306 4363 309 4374 ’
407 4377 410 4388 ·
448 4334 575 4431 c'esrs
550 4375 593 4432 us
609 4341 823 4450 prasertim,
848 4345 1079 4444 quibusalias
1094 4353 1284 4453 competit,
1301 4375 1500 4452 ιιειιιιει-1

295 4469 322 4494 ''
1252 4497 1271 4504 ·
1311 4478 1430 4564 sentes
