3509 5392
509 651 579 790 104
801 689 1109 768 'lm
1144 692 1148 701 ’
1181 781 1189 798 ,

378 876 388 890 ’
460 886 543 968 veri
561 879 835 983 praecipientes,
863 883 963 980 quod
985 871 1088 959 nulla
1115 879 1297 958 didlarunt'
1319 873 1502 979 persona·

355 994 361 1005 ’
460 1025 547 1084 runt
571 1002 606 1078 sc
622 991 697 1076 sola
712 1005 913 1099 nequeduo
926 1025 971 1079 ex
987 1002 1046 1099 iis,
1072 1001 1134 1094 sed
1149 1000 1252 1079 fimul
1271 1023 1394 1077 omnes
1403 1016 1502 1095 tres,

372 1225 376 1230 ¹
463 1149 548 1208 curn
563 1123 745 1202 neeeffitas
762 1125 1024 1224 postulaverit,
1050 1123 1147 1202 ditia
1165 1123 1300 1203 secreta
1318 1122 1503 1198 accedant
1520 1144 1522 1207 l

396 1325 407 1346 ,
460 1249 523 1323 vel
551 1243 752 1344 aperiant,
796 1244 992 1346 diligenter
1016 1244 1164 1341 insuper
1180 1243 1348 1325 Decanus
1365 1234 1406 1313 dc
1432 1239 1521 1324 alii

451 1364 704 1466 provideant,
728 1383 774 1436 ne
788 1363 920 1459 aliquae
938 1363 1071 1440 littere
1095 1359 1191 1438 vel
1179 1381 1262 1458 Jura
1284 1353 1411 1435 eccles
1379 1377 1503 1456 ana,

463 1487 675 1587 Capitulum
697 1486 759 1560 vel
776 1482 933 1569 vicarios
956 1469 1214 1560 concernentes
1235 1477 1502 1572 cuderentur,

462 1603 704 1698 deportentur
725 1598 787 1674 vel
806 1596 1043 1688 alienentur,
1071 1591 1155 1669 dest
1178 1589 1276 1670 casus
1294 1592 1503 1691 obtulerit,

462 1716 563 1828 quod
584 1709 713 1800 vicarit
701 1709 789 1788 vel
811 1706 874 1785 alli
894 1707 1026 1785 litteris
1051 1707 1233 1806 aliquibus
1250 1707 1310 1781 vel
1329 1707 1502 1810 origina-

461 1831 560 1909 libus
575 1851 671 1928 'opus
697 1827 857 1904 lra'beant
884 1827 1054 1926 qulbus
1042 1851 1080 1904 rn
1096 1823 1500 1924 iudicio'ecclelrustico

424 1931 438 1952 “’
461 1945 527 2019 vel
548 1938 713 2028 soeculari
735 1956 898 2034 utantur,
924 1942 987 2017 vel
997 1940 1123 2038 'pendo
1137 1941 1259 2038 aliqua
1278 1965 1301 2017 a
1325 1939 1502 2040 possesso·

464 2049 568 2138 ribus
585 2055 844 2134 beneficiorum
865 2075 1076 2153 reematur,
1103 2049 1227 2153 ficque
1244 2076 1287 2134 eo
1303 2054 1386 2134 casu
1396 2059 1502 2136 litte·

464 2197 517 2256 1·ae
538 2173 605 2250 srnt
626 2173 854 2251 restituendae
881 2175 942 2251 vel
966 2189 1133 2272 emptore
1157 2176 1323 2250 reluente
1351 2175 1501 2272 penfio·

412 2303 418 2308 '
464 2293 563 2384 nent,
590 2291 679 2367 illud
696 2309 779 2368 ante
813 2293 935 2368 omnia
960 2313 1043 2367 curn
1067 2285 1208 2368 scitudz
1230 2291 1399 2371 consensu
1418 2293 1503 2370 five

364 2421 365 2424 ‘
464 2401 624 2532 tractatu
642 2399 800 2497 ejusdem
825 2401 985 2498 Capituli
1002 2404 1059 2478 vel
1076 2403 1238 2480 omnium
1260 2425 1387 2481 eorum
1403 2427 1501 2501 quo-

430 2575 433 2583 .
462 2536 549 2593 rum
568 2513 712 2586 interest
728 2516 956 2609 precedente
970 2513 1054 2611 liat·
1079 2516 1283 2592 Ordiuetur
1304 2518 1412 2592 etiam
1435 2539 1505 2592 re·

463 2634 630 2733 gistrum
645 2631 692 2702 ad
712 2629 919 2728 hujusmodi
944 2631 1156 2708 testudinem
1185 2637 1244 2708 vel
1281 2632 1501 2711 reservacu-

463 2745 543 2824 lurn
562 2759 603 2818 ut
617 2730 756 2820 V1carii
774 2743 799 2819 Γ
804 2761 849 2820 vc
867 2747 955 2821 alii
945 2771 982 2822 rn
990 2734 1187 2843 ρῐεεάῑὲὶὶε
1213 2749 1350 2824 callbus
1366 2751 1499 2848 hujus-

356 2860 363 2870 '
464 2861 566 2942 nrodi
596 2861 735 2934 litteras
759 2859 954 2957 antequam
977 2863 1236 2959 deportent,
1224 2889 1263 2940 ru
1288 2865 1419 2944 eodem
1435 2889 1507 2967 re3

463 2979 576 3084 gistro
593 2975 899 3084 conscribantaut
920 2980 1169 3082 confignent.

817 3170 1014 3258 CAPVT
1060 3176 1156 3256 LVI.

463 3327 573 3413 Del
543 3333 650 3411 creavi
651 3355 692 3412 us
708 3333 786 3438 quib
787 3357 828 3416 us
846 3343 1056 3415 clauduntur
1073 3361 1109 3415 re
1111 3337 1221 3440 liquic
1237 3338 1273 3417 ii
1295 3359 1500 3422 ornamenta

353 3455 356 3460 '
906 3453 1066 3553 Ecclefiae.
1151 3478 1156 3488 ’
1188 3485 1192 3497 ·

462 3525 607 3662 claves
623 3579 670 3654 ad
691 3577 879 3678 reliquias,
905 3579 998 3655 vasa
1009 3600 1182 3687 argentea
1209 3583 1244 3659 dc
1264 3583 1290 3661 Γ
1292 3585 1393 3667 m1l1a
1431 3613 1499 3670 or·

361 3771 364 3784 s
461 3707 630 3774 aramenta
648 3694 803 3768 ecclcfiae
819 3696 935 3790 custos
957 3693 1049 3773 ficut
1076 3699 1253 3779 hactenus
1277 3701 1498 3789 consuetum

462 3811 552 3904 fuit,
577 3832 685 3906 penes
696 3807 785 3888 seru
797 3812 893 3888 bona
912 3814 1071 3894 custodia
1085 3816 1207 3896 servet
1223 3817 1498 3920 &teneanqui

461 3925 529 4002 bus
547 3919 780 4025 finguldriter
802 3947 848 4022 pr
850 3924 951 4001 aeelse
970 3925 1006 4001 dr
1034 3931 1234 4025 providere
1258 3933 1379 4010 debet.
1430 3937 1496 4014 In·

460 4031 570 4133 super
606 4039 759 4114 aedituus
780 4043 901 4116 claves
931 4039 977 4112 ad
997 4039 1121 4118 eccles
1110 4065 1182 4120 arn
1211 4044 1497 4144 &ornamenta

460 4147 696 4251 sacerdotalia
724 4153 894 4226 videlicet
913 4152 1043 4233 calices
1066 4155 1101 4237 dc
1122 4157 1194 4235 alia
1216 4127 1392 4254 hebebit,
1426 4167 1497 4262 qui

459 4285 529 4366 pro
566 4263 692 4340 iisdem
733 4261 802 4337 tide
806 4260 890 4354 liter
924 4263 1169 4348 custodiendis
1202 4269 1401 4370 speciale
1387 4299 1495 4373 jur-a

392 4367 401 4380 ’
458 4401 623 4466 mentum
638 4397 681 4461 ae·
695 4378 898 4460 cuononem
889 4379 1164 4480 fidepuffonaor
1175 4394 1348 4488 praestare
1364 4413 1515 4471 tenea·-

909 4543 913 4550 .
1362 4524 1454 4606 tur,
