3509 5392
404 733 474 809 114
568 722 571 729 ·
715 680 1035 801 *ΝΜ

345 905 453 1008 ,quod
468 903 638 982 Decorus
656 902 720 1003 qui
740 922 811 1003 pro
845 914 1013 1000 tempore
1030 897 1145 979 fuerit
1165 897 1250 981 XX.
1274 898 1391 981 libras

320 1076 325 1089 ,
353 1017 437 1096 hlls.
454 1011 606 1117 allignet
622 1012 792 1104 eoeleste,
819 1035 900 1109 quae
916 1012 954 1087 in
983 1010 1205 1108 emptionem
1227 1011 1395 1093 redditu·

356 1134 423 1204 um
437 1148 645 1201 annuorum
661 1139 928 1203 convertantur
949 1122 982 1199 d
999 1123 1036 1199 in
1053 1122 1303 1201 anniversario
1323 1120 1404 1237 sup.

355 1236 594 1339 prasentibus
610 1241 845 1338 dividantur3
879 1239 908 1317 st
930 1262 1020 1316 vero
1038 1238 1206 1318 Decanus
1223 1255 1311 1315 tunc
1328 1259 1408 1317 ere·

293 1370 295 1375 ·
335 1355 460 1433 illuns
478 1356 692 1453 praedidiam
711 1356 852 1434 curiam
860 1355 1067 1433 inhabitare
1083 1350 1257 1445 noluerit,
1274 1351 1392 1452 ipsam

354 1472 539 1551 Canonieo
561 1472 718 1551 ecolefiae
740 1482 810 1571 pro
841 1486 1045 1570 praetaxata
1062 1466 1217 1568 pecunia
1237 1470 1284 1545 ad
1295 1485 1390 1545 tem·

352 1606 423 1684 pus
442 1588 533 1666 ,vitae
548 1585 621 1666 suae
637 1588 793 1685 vendat,
816 1586 853 1663 dr
881 1584 910 1664 fi
927 1586 1024 1662 idem
1040 1581 1391 1676 Detanusacanoni·

354 1725 414 1799 eo,
438 1703 499 1780 cui
512 1706 651 1781 curiam
669 1702 909 1797 vendiderat,
934 1697 1252 1799 supervixerit&
1273 1698 1393 1797 ipsam

355 1816 480 1913 postea
506 1817 711 1895 inhabitare
733 1818 928 1914 voluerit,
964 1812 1158 1914 pradidlas
1178 1814 1251 1893 XX
1275 1815 1390 1896 libras

352 1929 438 2005 hlls.
463 1931 500 2006 in
515 1929 620 2008 usum
634 1928 853 2030 praedidlum
876 1930 1141 2015 convertendas
1163 1926 1337 2032 affignet,
1362 1927 1391 2007 fi

354 2064 448 2118 vero
475 2043 644 2122 Decanus
675 2067 743 2121 nec
778 2044 981 2120 Canonicus
1004 2040 1220 2137 praedidlam
1247 2046 1391 2125 curiam

354 2177 476 2232 emere
494 2157 682 2251 voluerit,
709 2176 756 2232 ex
777 2153 1023 2232 tuneVicario
1040 2152 1211 2251 ecelefiae,
1236 2157 1390 2253 quicun-

314 2352 317 2361 ff
354 2268 559 2365 prefuerit,
579 2292 652 2368 pro
664 2269 737 2347 XX
749 2267 853 2346 libris
870 2267 1193 2345 hlls.vendaturdr
1205 2267 1391 2368 inquam-

250 2447 255 2461 ,
354 2378 418 2463 diu
441 2378 636 2477 soepedidla
652 2382 755 2458 curia
778 2381 913 2456 durare
933 2377 1072 2476 poterit
1091 2400 1161 2474 pro
1180 2378 1253 2456 XX
1271 2383 1390 2461 talen·

353 2490 399 2565 tis
424 2494 655 2570 vendatur&
671 2494 709 2569 in
725 2488 809 2567 usus
824 2487 1104 2587 praesentiarum
1120 2491 1160 2568 in
1177 2492 1389 2576 anniversa·

353 2602 412 2683 rio
425 2627 509 2684 meo
527 2607 806 2689 dividendarum
821 2603 1032 2709 allignetur.
1140 2638 1143 2657 =

685 2811 888 2892 CAPVT
934 2806 1051 2892 LXX.

531 2977 589 3052 De
607 2978 712 3054 curiis
730 2978 766 3052 di
792 2979 943 3056 domibus
956 2973 1213 3074 'claustraliloo

350 3100 444 3216 Nos
465 3140 630 3215 Gerolclos
647 3138 816 3215 Decanus
839 3134 876 3212 de
892 3150 1011 3215 totum
1028 3137 1241 3237 Capitulum
1259 3144 1387 3222 Eccle-

352 3263 411 3342 fiae
427 3257 684 3355 Wimpinenfis
702 3258 991 3358 confiderantes,
1017 3262 1115 3360 quod
1131 3228 1243 3341 e⁸uriae
1263 3266 1300 3340 da
1322 3268 1391 3341 do·

352 3395 433 3451 mus
454 3372 685 3469 claustrales,
725 3395 813 3470 quas
838 3371 1012 3449 Canoniei
1034 3374 1229 3453 &Vicarii
1256 3380 1402 3456 nostrae'

351 3494 740 3589 eeclesraeinhabitant,
764 3498 1289 3594 tumproptermultitudinem
1303 3525 1389 3578 een-

268 3648 271 3657 ,
351 3612 409 3690 sus
425 3635 447 3687 a
461 3609 772 3710 predecessoribus
789 3611 919 3689 nostris
944 3613 1053 3692 curiis
1075 3614 1111 3694 de
1133 3617 1301 3696 domibus
1317 3621 1389 3695 im·

352 3712 534 3826 positam,
561 3741 641 3801 tum
665 3742 821 3825 propter
848 3728 1066 3805 vetustatem
1091 3729 1389 3836 &fragilitatem

353 3841 551 3916 earundem
568 3836 776 3916 desolationi
791 3853 917 3938 patent
936 3838 972 3917 da
989 3840 1120 3940 ruinis,
1149 3845 1264 3946 igitur
1276 3862 1389 3928 utca-

279 3944 282 3955 '
351 3957 472 4034 nonici
493 3959 529 4035 dr
546 3957 676 4035 vicarii
693 3957 804 4034 curiis
820 3957 856 4031 di
881 3956 1049 4034 domibus
1068 3982 1159 4058 quas
1179 3963 1387 4044 inhabitant

351 4099 395 4155 eo
421 4077 573 4153 liberius
591 4074 626 4151 dr
643 4074 747 4152 citius
770 4073 981 4151 aedificando
996 4072 1227 4174 succurrant,
1261 4082 1387 4159 statui·

350 4218 431 4273 mus
446 4215 489 4268 ac
502 4184 895 4266 unanlmiconsensod
911 4191 1101 4268 voluntate
1122 4194 1386 4290 promittimus,

352 4310 451 4409 quod
474 4305 629 4406 quilibet
654 4302 924 4381 Canonicorum
947 4308 1008 4382 vel
1025 4308 1261 4388 Vicariorum
1287 4310 1386 4387 curi·

351 4448 409 4503 am
424 4429 653 4507 rotdomum
673 4415 751 4519 ipso
769 4418 920 4503 vivente
947 4424 1009 4500 vel
1027 4424 1108 4523 post
1127 4427 1286 4506 mortem
1319 4445 1388 4521 per

1174 4590 1179 4602 ι
1226 4558 1342 4616 manu

258 4624 364 4686 ss
1149 4680 1155 4692 .
