3509 5392
420 714 425 727 .
504 712 531 787 4
844 605 1231 780 m*

457 880 538 963 sum
558 879 605 957 ad
619 854 712 952 illud
734 846 842 987 etiam
858 817 1135 949 licanonicattt's
1151 844 1387 967 &prebenda
1402 866 1496 949 file-

443 1002 510 1095 ¹rit
523 1011 565 1073 ut
583 996 635 1071 est
648 990 761 1071 motis
777 985 943 1077 admitti,
968 983 1105 1081 sibique
1125 987 1170 1061 de
1194 986 1300 1084 ipsus
1317 988 1495 1065 beneficii

452 1106 640 1186 sruslibus
659 1098 860 1179 redditibus
876 1095 1118 1191 proventibus
1135 1096 1275 1195 juribus
1292 1096 1327 1173 dt
1344 1098 1494 1175 obvett⁴

363 1299 368 1305 .
459 1222 620 1299 tionibus
644 1210 822 1294 universts‘
847 1211 989 1309 integre
1015 1206 1224 1313 responderi
1236 1237 1254 1308 ·,
1290 1212 1494 1289 Contradi-

389 1335 393 1340 ’
461 1332 581 1418 eloi-es
609 1346 679 1426 per
705 1318 893 1399 censuram
926 1316 1202 1395 Ecclesiasticam
1239 1324 1493 1418 appellatione

460 1438 655 1545 postpostta
669 1429 943 1531 compescendo,
968 1430 1269 1508 nonobstantibus
1286 1433 1492 1531 staliquem

420 1614 423 1617 ·
461 1570 528 1667 sup
530 1588 572 1644 er
587 1554 854 1662 provistonibus
874 1552 942 1630 stbi
955 1552 1126 1631 faciendis
1142 1557 1184 1630 de
1198 1530 1220 1628 u
1208 1559 1341 1653 rujusm
1329 1557 1406 1632 todi
1422 1558 1491 1633 vel

463 1684 544 1762 aliis
566 1672 749 1755 beneficiis
770 1666 1046 1745 ecclefiasticis
1036 1664 1162 1744 millis
1181 1668 1345 1765 partibus
1366 1672 1494 1747 Gene-

460 1790 556 1883 r'ales
580 1795 641 1870 vel
656 1787 834 1889 speciales
850 1784 944 1863 disl'e
967 1782 1067 1883 sedis
1091 1788 1150 1862 vel
1175 1788 1274 1887 legat
1277 1810 1380 1863 orum
1405 1786 1491 1884 ejus

461 1914 529 1992 sub
548 1923 808 2007 quacumque
801 1897 1004 1974 verborum
1018 1896 1138 1973 forma
1155 1898 1320 1975 litteras
1310 1916 1492 1995 impetra-

402 2097 406 2107 ,
461 2026 543 2103 rint
556 2017 692 2120 etiamst
706 2033 775 2115 per
793 2036 852 2088 eas
864 2013 916 2103 ad
930 2002 1179 2089 inhibitionem
1198 2011 1491 2093 reservationem

396 2198 401 2209 .
460 2122 700 2217 &decretum
723 2132 786 2207 vel
802 2127 890 2205 alias
906 2128 1179 2225 quomodolibet
1200 2128 1243 2205 fit
1258 2128 1488 2227 processum,
1488 2154 1495 2164 ·

463 2258 595 2357 quibus
611 2249 776 2332 omnibus
790 2262 1023 2344 preterquam
1045 2244 1264 2325 aosloritate
1283 2249 1403 2325 nostra
1414 2249 1490 2325 hu·

368 2407 371 2414 ·
462 2371 620 2474 jusmodi
637 2362 810 2444 beneficia
836 2358 1109 2458 expedientibus
1131 2365 1284 2440 eundem
1298 2360 1489 2444 craneum

461 2480 732 2585 inltuqusmodi
756 2475 922 2554 beneficii
944 2474 1159 2552 assecutione
1192 2478 1361 2554 volumus
1382 2496 1491 2559 ante·-
1490 2482 1497 2491 ”

460 2601 574 2697 ferri,
598 2597 659 2676 sed
672 2594 815 2671 nullum
829 2612 898 2688 per
919 2589 1040 2666 hoc
1008 2612 1058 2666 ets
1076 2612 1146 2686 quo
1166 2590 1212 2667 ad
1229 2590 1489 2675 assecutionem

459 2699 722 2795 beneficiorum
745 2707 905 2785 aliorum
929 2702 1171 2803 prejudicium
1197 2710 1394 2807 generari,
1416 2709 1505 2792 seu·

461 2831 639 2912 steisdem
657 2827 814 2908 ,Decano
835 2820 876 2897 dt
906 2818 1075 2917 Capitulo
1103 2819 1163 2895 vel
1187 2820 1376 2919 quibusvis
1403 2828 1488 2905 aliis

462 2944 707 3027 communiter
724 2932 936 3014 veldivifim
949 2932 997 3007 ab
1017 2935 1142 3009 eadem
1155 2929 1197 3015 stt
1211 2931 1293 3013 sede
1301 2936 1489 3023 indultum

462 3056 562 3159 quod
579 3060 625 3137 ad
639 3042 886 3151 receptionem
906 3051 965 3125 vel
982 3046 1227 3146 provistottem
1241 3054 1390 3153 alicujus
1414 3064 1482 3138 mi

458 3183 561 3259 nime
583 3186 772 3255 teneantur
792 3170 888 3245 dtad
904 3166 1203 3265 idcompelliaut
1220 3174 1319 3268 quod
1334 3162 1489 3255 interdi.

340 3392 344 3395 ἢ
464 3296 499 3373 ci
521 3290 687 3390 suspendi
711 3288 771 3363 vel
792 3280 1098 3359 excommunicari
1122 3282 1346 3379 nonpossint
1368 3296 1487 3387 quod.

462 3397 586 3512 qucde
601 3404 1096 3490 beneficiisEcclestasllcisad
1110 3409 1238 3483 eorum
1253 3410 1489 3497 collationem

410 3590 416 3601 ι
446 3538 523 3612 vel
542 3523 845 3641 presentationem
864 3522 1084 3623 conjunslim
1110 3526 1171 3600 vel
1193 3522 1385 3623 separatim
1399 3534 1485 3633 spe.

349 3688 358 3699 1
378 3748 381 3751 q
461 3652 641 3731 &antibus
660 3653 753 3727 nolli
780 3651 903 3727 valeat
923 3646 1112 3747 provideri
1132 3670 1199 3747 per
1218 3649 1356 3755 litteras
1376 3656 1485 3757 Apo
1522 3662 1523 3683 ¹

439 3770 443 3777 ’
461 3774 684 3852 stolicasnon
694 3767 868 3847 uolentes
884 3743 1278 3867 plenamdtexpressam
1290 3792 1332 3849 ac
1342 3774 1390 3849 de
1398 3797 1486 3853 ver

322 3933 336 3957 ι
460 3890 510 3968 bo
526 3893 574 3967 ad
592 3888 751 3967 verbum
774 3890 819 3963 de
835 3890 982 3965 indulto
991 3886 1199 3984 hujusmodi
1214 3892 1432 3972 mentionem
1445 3895 1485 3973 tir

424 4039 428 4046 ⁴
460 4005 621 4099 qualibet
643 4003 715 4084 alia
737 4002 841 4080 diste·
855 4000 945 4079 sedis
978 4002 1202 4103 indulgentia
1233 4007 1396 4107 generali
1420 4008 1483 4082 vel

302 4154 306 4161 ·
359 4151 363 4162 =
460 4118 605 4216 speciali
623 4120 867 4222 cujuscunque
883 4118 1016 4195 tenoris
1050 4120 1177 4196 existat
1191 4142 1259 4219 per
1275 4144 1382 4220 quam
1398 4143 1487 4217 pte-

459 4235 619 4315 sentibus
641 4257 714 4311 ιιοιι
740 4230 942 4331 expressam
966 4235 1025 4310 vel
1044 4235 1204 4313 totaliter
1226 4258 1298 4313 non
1313 4219 1494 4313 insertam

460 4348 609 4430 effertus
634 4368 761 4428 aarum
776 4348 948 4447 impediri
980 4349 1100 4429 valeat
1126 4350 1398 4501 quomodolibet
1422 4350 1484 4425 vel

1311 4465 1436 4547 differ·
1521 4488 1522 4521 ι
