3509 5392
466 870 636 954 Deeanus
661 866 772 946 etiam
796 865 996 942 concedere
1020 863 1128 966 poffit
1162 865 1268 948 causa
1289 869 1508 953 rationabili

377 987 378 994 ‘
403 1071 404 1080 p
465 1011 541 1067 non
562 983 735 1084 requisita
758 951 822 1057 sen
850 981 1033 1094 allegata,
1063 997 1242 1079 preterea
1266 984 1508 1071 conseratio-

385 1103 392 1122 '
465 1105 582 1188 nabili
596 1103 632 1180 da
648 1101 812 1204 legitima
830 1100 1095 1179 interveniente
1118 1101 1285 1182 Decauus
1303 1105 1508 1205 habeatfa-

446 1229 641 1313 ,eultatem
661 1219 881 1300 concedendi
890 1220 1079 1315 ,licentiam
1095 1222 1179 1301 odio
1200 1224 1343 1302 dierum
1364 1229 1425 1313 vel
1449 1234 1506 1311 ad

468 1341 701 1444 quindenam,
727 1331 944 1438 urgentibus
954 1356 1044 1411 vero
1058 1351 1167 1435 atque
1175 1338 1385 1418 instantibus
1406 1366 1503 1423 cau·

466 1453 511 1540 fis
528 1453 564 1529 da
580 1448 735 1552 negotiis
753 1444 929 1524 beneficia
953 1443 1134 1524 didiorum
1161 1449 1385 1528 vicariorum
1402 1475 1500 1532 eon-

465 1569 696 1652 cernentibus
705 1565 923 1664 ampliorem
939 1562 1504 1650 Decanushabeateisdemoon·

464 1691 634 1772 aedendae
660 1685 815 1763 licentia
844 1682 1080 1782 potestatem,
1113 1683 1150 1760 ἀ
1171 1700 1351 1782 praterea
1377 1704 1504 1774 trans·

422 1859 425 1868 ‚
465 1803 643 1908 gressores
660 1803 754 1902 ipsos
774 1801 932 1883 obtentae
946 1799 1100 1880 licentiae
1119 1801 1287 1879 Decanus
1305 1805 1502 1904 etiampro

462 1921 527 1999 suo
542 1920 698 1998 arbitrio
712 1919 854 2022 ⁸punire
881 1913 998 2014 pollit.
1072 1917 1210 1994 Verum
1239 1942 1322 1997 oum
1343 1925 1502 2005 minime

461 2040 638 2119 mutanda
659 2035 748 2135 smt,
782 2059 862 2136 quae
883 2049 1019 2114 certam
1039 2035 1375 2134 interpretationem
1398 2039 1499 2122 sem·

461 2153 777 2257 perhabuerunt,
801 2155 884 2230 ideo
899 2147 1074 2248 praediila
1101 2154 1357 2232 confirmamus
1380 2173 1497 2255 atque

461 2269 632 2345 volumus
651 2282 694 2344 ut
709 2269 876 2376 Decanus
891 2263 995 2364 juxta
1013 2261 1260 2362 praescriptam
1269 2267 1428 2345 sormam
1443 2269 1495 2345 ab

462 2385 610 2483 antiquo
621 2381 849 2460 observatam
866 2380 949 2480 ipsis
965 2379 1112 2459 vicariis
1122 2380 1304 2460 licentiam
1316 2403 1386 2482 pro
1396 2398 1495 2465 tem-

333 2481 337 2504 '
459 2527 553 2604 pore
574 2507 941 2605 petitam-concedere
957 2503 1075 2603 polin.
1132 2551 1135 2556 -

805 2667 1010 2750 CAPVT
1058 2663 1158 2745 XIV.

354 2869 359 2876 -
485 2808 543 2888 De
558 2805 693 2884 diendo
707 2807 826 2886 danda
855 2804 1067 2881 ordinandis
1077 2819 1141 2904 pro
1160 2818 1301 2902 tempora
1315 2807 1370 2886 uel
1386 2806 1464 2882 liti.

762 2919 924 3012 gentibus
940 2936 1004 3018 pro
1021 2915 1195 3014 beneficiis.

461 3039 665 3152 statuimus
685 3068 832 3167 insuper
857 3072 955 3168 quod
978 3072 1197 3148 ordinandus
1219 3094 1287 3169 pro
1313 3086 1486 3171 tempore

457 3192 520 3274 seu
537 3190 699 3263 volentes
718 3183 836 3266 sacros
864 3189 1008 3270 ordines
1032 3184 1209 3289 suscipere
1227 3187 1301 3266 srue
1320 3187 1388 3268 sont
1411 3192 1487 3267 Ca·
1523 3262 1525 3285 ,

338 3351 339 3362 κ
381 3333 386 3346 ’
458 3303 580 3388 noniei
594 3301 669 3378 five
683 3301 812 3379 vicarii
832 3312 1022 3380 teneantur
1038 3319 1163 3398 petere
1179 3304 1359 3382 licentiam
1374 3305 1487 3384 aDe·
1522 3322 1523 3383 l

449 3415 567 3516 rano,
600 3441 710 3517 quam
724 3441 790 3495 nec
805 3417 882 3516 ipse
904 3418 1088 3516 Decanus,
1111 3419 1176 3498 nist
1193 3422 1308 3501 obstet
1318 3425 1483 3504 rationa-
1518 3422 1523 3483 l

456 3539 539 3618 bilis
558 3534 682 3629 causa,
709 3537 891 3639 denegare
913 3535 1085 3634 debebit,
1107 3534 1169 3614 sed
1187 3538 1260 3617 illis
1269 3542 1482 3624 ordinandis
1512 3606 1520 3681 p

319 3719 322 3729 ,
456 3657 607 3738 ibituris
623 3673 764 3755 tempus
784 3658 940 3770 eneundi
962 3656 1220 3754 &pevertendi
1236 3645 1430 3766 praefig'ere
1442 3663 1483 3743 dc

456 3779 612 3862 limitare
629 3774 825 3853 seeundum
839 3776 1004 3852 locorum
1020 3775 1234 3875 distantiam,
1256 3779 1352 3858 infra
1363 3804 1480 3878 quent

454 3896 651 3978 terminum
672 3892 892 3992 prefixum,
915 3888 1041 3968 fitales
1058 3889 1257 3989 redierint,
1281 3917 1400 3993 neque
1416 3893 1479 3979 su-

453 4011 570 4116 spenfi
590 4023 697 4088 erunt
718 4030 835 4108 neque
856 4000 1053 4104 praesentiis
1076 4007 1253 4094 carebunt
1276 4007 1325 4085 stc
1350 4018 1477 4088 tamen

456 4131 554 4236 quod
566 4127 667 4204 ailus
685 4127 790 4206 chori
803 4118 928 4198 &alia
943 4142 1054 4196 onera
1069 4119 1151 4218 ipsis
1162 4123 1408 4202 incumbentia
1419 4124 1476 4202 di·

453 4251 604 4352 sponaut
615 4263 682 4340 pet
699 4240 789 4316 alios
808 4232 1045 4330 expedienda,
1069 4233 1164 4312 idem
1181 4235 1349 4316 servetur
1362 4238 1478 4319 etiam

456 4377 500 4452 de
519 4364 575 4443 his
591 4358 654 4461 qui
667 4369 849 4460 cogtmtur
864 4350 1009 4458 litigare
1027 4348 1136 4453 super
1152 4351 1333 4434 sinilibus
1362 4353 1477 4432 bene·

453 4482 624 4568 'liciorum
637 4471 794 4555 suorum·
1354 4523 1424 4634 'ue
