3509 5392
625 675 895 766 W
1031 696 1239 802 ,¹75

573 886 635 966 oDe
651 887 962 992 peregrinantibus.

343 1033 534 1111 Praeterea
548 1024 787 1133 admittimus,
810 1049 852 1112 ut
863 1029 1138 1138 peregrinantes
1156 1041 1202 1114 ad
1213 1054 1291 1119 ter·
1322 1070 1330 1098 o
1372 1095 1375 1099 -

257 1172 333 1228 rom
354 1141 536 1243 sanilam,
561 1148 689 1228 limine
713 1154 779 1245 SS.
800 1151 902 1230 Petri
922 1149 1079 1226 &Pauli
1092 1153 1292 1250 Apostolo-

257 1287 334 1340 rum
351 1318 364 1355 ‚
393 1259 676 1363 Aquisgramsm
694 1266 739 1340 ad
754 1265 797 1372 Q.
814 1260 974 1343 Mariam
996 1263 1174 1355 Wrgo'nem
1191 1273 1292 1367 apud

252 1383 434 1464 Eremitas
454 1404 529 1460 non
552 1379 763 1462 censeantur
781 1381 960 1482 suspensi,
993 1379 1055 1458 sed
1077 1388 1292 1487 gaudebunt

257 1499 474 1600 corporibus
501 1499 782 1596 praebendarum
807 1497 869 1577 seu
897 1499 1122 1580 vicariorum
1141 1499 1292 1586 suarum
1448 1542 1454 1567 ι

256 1620 286 1695 cir
307 1613 512 1717 prasentiis
536 1619 733 1694 dummodo
763 1613 1070 1715 tanrent'empere
1090 1620 1245 1699 licentiae
1263 1646 1310 1722 a,

254 1732 403 1811 Decano
423 1729 460 1804 cir
481 1729 650 1828 capitulo
675 1731 830 1838 petenda
850 1730 1036 1808 bonafide
1053 1731 1289 1832 iperecano

255 1854 310 1928 vel
330 1849 412 1948 ejus
428 1849 531 1948 ¹vices
547 1850 693 1952 gerenti
715 1852 933 1950 promittant
942 1907 956 1946 ‚
983 1855 1082 1951 quod
1097 1853 1288 1954 hujusmo-

256 1969 288 2043 di
309 1961 648 2068 peregrinationem
665 1989 737 2044 non
762 1971 806 2047 de
823 1968 1077 2048 ambulationis
1095 1973 1154 2050 vel
1175 1976 1285 2051 voln-

256 2082 359 2184 ptatis
377 2081 484 2161 caula
507 2081 568 2160 sed
585 2106 633 2161 ex
651 2099 739 2176 voto
754 2087 813 2163 vel
831 2086 1084 2184 principaliter
1100 2090 1148 2167 ad
1163 2087 1299 2185 conseq

258 2200 414 2300 quendas
437 2197 679 2300 indulgentias
710 2199 888 2298 perficere
921 2201 1068 2296 velint,
1119 2201 1287 2285 fimiliter

258 2431 332 2506 aliis
347 2425 512 2528 personis
527 2428 684 2509 ecclesrae
705 2431 749 2510 fit
765 2452 834 2529 per
847 2429 942 2531 ipsos
961 2431 1164 2531 provisum.
1190 2435 1287 2517 Prae·
1417 2521 1423 2528 ,

260 2548 350 2626 disin
366 2563 492 2624 tamen
516 2549 587 2623 duo
608 2545 746 2646 punite
761 2548 795 2624 u
812 2547 941 2626 srmilia
963 2546 1199 2656 intelligenda
1215 2553 1289 2642 esso

261 2662 452 2752 volumus,
478 2655 545 2735 nist
564 2656 727 2738 absentes
745 2661 832 2739 tales
857 2661 895 2736 in
909 2660 972 2738 via
989 2661 1152 2762 legitime
1167 2663 1287 2763 impe-

262 2769 494 2864 ditisuerint,
528 2785 657 2869 utpote
677 2773 889 2851 infirmitate
911 2775 1076 2871 corporis
1090 2767 1290 2872 captivitass

261 2901 290 2961 te
307 2887 366 2960 vel
382 2883 508 2981 aliquo
524 2881 633 2961 sensili
652 2867 852 2964 infortunio
869 2882 931 2963 seu
949 2885 1207 2985 impedimento
1236 2890 1285 2968 de

261 3020 326 3096 quo
343 2999 592 3075 constaretvel
607 2996 687 3079 talis
700 2995 897 3099 Impeditus
911 2999 992 3100 post
1002 3000 1164 3103 ¹ruditum
1179 3001 1286 3086 suum

259 3115 459 3216 juramento
471 3101 518 3189 ‘id
542 3110 659 3214 ipsum
674 3113 858 3194 affirmare
877 3113 1015 3216 pollet3
1042 3116 1156 3216 quiin
1172 3117 1228 3195 his
1245 3115 1285 3197 ἀ

258 3231 428 3309 imilibus
442 3227 580 3308 castbus
605 3239 725 3323 (cumv
740 3229 923 3308 necessitas
942 3233 1060 3334 legem
1075 3256 1148 3310 non
1164 3233 1281 3315 habe·

257 3351 315 3436 at)
331 3343 423 3419 tales
441 3338 606 3418 absentes
626 3343 725 3430 ultra
738 3341 934 3418 terminum
950 3342 1001 3418 eis
1015 3342 1207 3442 prefixum
1221 3343 1285 3422 vel

256 3459 416 3560 alioquin
435 3472 701 3556 competentem
715 3473 778 3542 aut
793 3459 948 3564 legalem
967 3456 1117 3540 minime
1131 3452 1281 3562 so'ntprn

255 3572 425 3676 suspensis
440 3573 611 3676 habendi.
1033 3580 1036 3608 ³

492 3775 496 3785 ·
606 3783 800 3865 onnon
846 3781 931 3864 xv.
1031 3872 1034 3887 ,

310 3945 370 4022 De
392 3941 520 4046 hirqui
544 3943 594 4020 ad
614 3942 759 4046 thermas
778 3929 832 4016 uel
858 3937 977 4019 balma
994 3944 1172 4035 naturalia
1184 3945 1226 4044 fg
1248 3943 1252 3948 “
1281 4004 1284 4008 ,
1360 3984 1364 3995 n

668 4057 855 4156 conferunt.

259 4187 463 4326 Quoniam
505 4221 742 4323 priuilegium
766 4237 834 4318 pro
865 4219 1034 4299 humana
1065 4198 1307 4304 conditionis
1348 4286 1351 4292 ,

259 4335 456 4440 fragilitate
480 4335 729 4414 &necesitate
750 4333 932 4422 indultum
945 4352 987 4411 ut
1005 4335 1042 4414 in
1055 4337 1205 4420 thermis
1218 4327 1280 4418 seu
1431 4387 1434 4395 =

261 4450 484 4532 naturalibus
504 4447 651 4558 balneis
659 4471 706 4530 eu
724 4445 870 4549 consolio
885 4449 1118 4546 Medicorum
1128 4455 1279 4538 existen·

980 4656 982 4663 ,
1130 4575 1228 4662 timu
