3509 5392
492 670 1094 770 53„m

453 899 457 916 ¹
487 827 490 832 Ι
543 867 753 952 Notandum
770 877 916 954 autem,
942 859 1040 955 quod
1055 857 1211 954 pecunia
1234 881 1256 931 a
1279 848 1468 930 canonicis

372 983 374 1002 '
447 1021 516 1106 pro
539 987 676 1070 statutis
703 981 922 1062 exsolvenda
948 974 1059 1052 modo
1089 972 1134 1050 stt
1161 984 1395 1074 augmentata
1420 966 1471 1044 ad

448 1109 634 1216 sexaginta
647 1100 709 1181 sex
729 1119 872 1180 aureos.

667 1293 669 1301 “
758 1299 1004 1402 *curva
1051 1295 1117 1374 rv.

353 1455 358 1466 .
452 1499 507 1576 De
519 1489 659 1597 pecunia
682 1501 756 1585 per‘
783 1476 935 1573 Virarias
955 1490 1033 1550 ante
1054 1475 1231 1551 euuazdeaa
1249 1465 1476 1570 admaffionem

758 1596 1159 1702 prostantis-salama.

339 1815 354 1826 ·
447 1751 547 1860 Item
565 1772 717 1872 quilibet
743 1762 970 1860 recipiendus
991 1763 1036 1836 ad
1055 1763 1207 1837 aiteram
1228 1758 1398 1836 vicariam
1418 1761 1477 1836 al·

347 1927 353 1932 ·
449 1901 539 1978 taris
558 1896 595 1969 S.
618 1883 792 1976 dianna,
820 1903 927 1977 quam
951 1882 1126 1956 conradus
1148 1880 1262 1956 Martie
1279 1879 1337 1952 vei
1352 1878 1398 1950 ad
1414 1876 1477 1950 vi·

449 2015 584 2100 cariam
607 2004 729 2082 aitaris
750 2002 787 2076 S.
815 1996 953 2072 Nirolai
976 2019 1084 2092 quam
1100 1995 1278 2098 Magister
1297 1993 1478 2092 Wlfgun·

450 2156 513 2231 gas
531 2125 718 2231 Scdwerier
745 2120 815 2226 huc
840 2130 1006 2212 tempore
1028 2113 1201 2213 poffldet‚
1239 2136 1309 2211 pro
1333 2112 1476 2188 statutis

451 2241 605 2328 ecciefiae
627 2251 709 2314 aute
738 2230 797 2312 sui
825 2229 1068 2306 admiffionem
1097 2228 1284 2305 duodecim
1314 2229 1476 2305 florenos

310 2429 314 2438 ,
451 2347 631 2438 Renenscs
656 2333 864 2443 persolvat,
900 2340 1095 2435 dequibus
1118 2341 1242 2416 decem
1269 2338 1398 2416 flureni
1418 2337 1479 2413 fa·

450 2467 561 2548 bricae
578 2467 649 2538 duo
666 2455 796 2537 flureni
813 2467 942 2531 trunco
958 2456 1189 2551 deputentur.

423 2647 432 2668 ‘
546 2619 696 2718 Insuper
720 2613 878 2714 quilibet
887 2609 1114 2710 recipiendus
1130 2612 1176 2688 ad
1190 2609 1479 2688 vicariamsum-

397 2715 419 2746 N
450 2741 648 2826 minitaris
678 2731 778 2832 cujus
801 2757 903 2819 nunc
928 2732 1081 2818 Jaaaaes
1113 2731 1278 2834 Schellr'ag
1303 2729 1480 2828 poffeffor

452 2861 599 2951 existit,
624 2851 787 2930 similiter
814 2851 860 2926 ad
882 2847 1053 2924 vicariam
1077 2845 1199 2922 altaris
1224 2849 1263 2922 S.
1284 2846 1481 2923 Cariariaae

449 2996 559 3074 quam
581 2973 651 3048 hue
666 2983 830 3062 tempore
866 2963 1018 3049 Joaaaes
1044 2962 1198 3036 Breaaer
1220 2959 1400 3057 poffidet5
1426 2961 1477 3036 sr-

417 3103 421 3120 ‘
446 3089 587 3168 militer
606 3083 652 3157 ad
670 3078 844 3155 vicariam
875 3079 920 3154 B.
936 3077 992 3152 M.
1017 3073 1059 3152 V.
1090 3098 1244 3174 quarum
1262 3073 1478 3174 poisessiures
1505 3157 1511 3162 ,

448 3206 531 3285 sunt
551 3198 715 3289 Materna
732 3193 851 3304 Brieff
868 3193 903 3298 ἃ
926 3196 1053 3272 Petrus
1074 3195 1206 3286 Einger
1223 3197 1346 3272 decem
1361 3196 1479 3273 flore.

449 3343 515 3400 nos
535 3339 603 3415 pro
620 3311 756 3390 statutis
778 3306 963 3406 persolvat
983 3360 996 3405 ,
1032 3311 1075 3389 de
1091 3308 1222 3404 quibus
1239 3307 1328 3384 odto'
1344 3301 1482 3393 flammi

310 3498 313 3502 ,
371 3491 373 3496 .
431 3429 739 3530 ¹fabricaedaduu
756 3423 886 3504 'florem
903 3439 1054 3519 trunco,
1092 3423 1214 3501 caeteri
1235 3436 1325 3502 vero
1343 3449 1480 3522 aprae-

448 3543 553 3621 dictis
574 3545 611 3619 in
628 3541 783 3620 vicarius
799 3537 905 3615 didiae
925 3539 1077 3618 ecclesne
1093 3540 1292 3641 recipiendi
1309 3540 1480 3622 fimiliter

293 3636 295 3653 ¹
376 3656 379 3668 ’
449 3683 518 3760 pro
540 3663 680 3740 statutis
701 3649 866 3738 Ecclesiae
896 3655 978 3761 adiu
1001 3659 1159 3757 florenos
1184 3660 1363 3740 Renenses
1386 3687 1480 3761 per.

449 3776 591 3855 solvant
605 3776 666 3855 seu
683 3777 837 3878 quilibet
852 3799 978 3855 eurum
994 3777 1203 3875 persolvere
1230 3794 1408 3877 teneatur,
1426 3785 1478 3860 de

449 3889 582 3991 quibus
597 3889 659 3968 sex
682 3890 812 3967 fioreu'i
830 3889 981 3968 fabricae
999 3891 1034 3967 dr
1050 3894 1122 3968 duo
1143 3905 1273 3970 uunco
1290 3893 1480 3992 applicen-

450 4029 523 4092 tur.

543 4146 639 4221 Cum
660 4125 782 4226 autem
797 4147 881 4246 olim
894 4141 941 4220 ab
957 4142 1173 4261 intrantibus
1195 4148 1319 4224 decem
1341 4148 1496 4230 floreni-

450 4261 497 4337 ad
512 4278 681 4338 ornatum
705 4260 867 4336 Ecclefiae
891 4259 964 4334 dati
987 4257 1124 4334 fuerint
1152 4259 1236 4338 driu
1253 4262 1308 4338 his
1334 4263 1478 4346 statutis

436 4374 627 4492 [ejusmodi
643 4377 798 4478 pecunia
817 4375 966 4455 fabricae
975 4377 1130 4456 ecclesrae
1140 4381 1309 4486 deputata
1323 4379 1378 4473 sn,
1390 4382 1479 4461 ideo

1303 4500 1410 4575 volu-
