3509 5392
662 642 936 712 m
1229 671 1275 751 as
1386 740 1396 757 ,

276 834 484 944 aspalathi
505 825 750 921 commism'rus
771 858 815 922 ut
828 864 954 923 omnes
970 796 1182 946 dssmgulas
1197 851 1322 937 causas
1461 816 1463 821 ,
1492 913 1507 936 ,.

278 985 371 1065 quas
398 984 447 1039 ex
480 958 785 1040 commissionibus
812 961 900 1037 disti
915 960 1174 1057 predecessoris
1195 969 1322 1047 audie·

278 1079 370 1179 bant
388 1077 432 1153 in
447 1099 492 1151 eo
511 1076 603 1152 statu
623 1076 662 1151 in
686 1096 759 1172 quo
779 1089 949 1173 tempore
972 1073 1181 1173 hujusmodi
1197 1078 1320 1167 obitus
1341 1070 1352 1107 ⁸
1382 1121 1386 1125 -

277 1190 722 1293 predecefforisejusdem
738 1216 863 1270 coram
886 1194 936 1271 eis
950 1191 1199 1273 remanserant
1219 1200 1320 1279 resu·
1443 1278 1446 1285 Δ
1512 1176 1513 1183 ¹

279 1327 431 1388 merent
447 1308 777 1408 ipsasqueulterius
787 1310 959 1386 audirent
969 1307 1008 1384 da
1021 1310 1092 1389 fine
1110 1311 1233 1390 debito
1243 1333 1319 1395 ter-

275 1427 468 1505 minarent
478 1424 582 1526 juxta
592 1442 737 1515 tenores
752 1418 1042 1505 commillionuni
1057 1427 1237 1529 saslaruni
1249 1437 1321 1515 eis·

277 1547 365 1620 dem
379 1542 419 1619 dr
437 1543 569 1621 deinde
587 1542 769 1645 Magistro
783 1544 930 1619 Iohanne
961 1542 1062 1640 Ussen
1076 1530 1322 1645 procuratore
1350 1594 1354 1601 ·
1474 1638 1478 1651 .
1514 1552 1517 1635 i

276 1662 370 1739 dieti
382 1661 547 1737 Iohannis
568 1660 750 1759 Hapesone's
777 1660 960 1739 &codem
982 1650 1167 1757 Isartnngo
1190 1692 1320 1750 coram
1382 1696 1390 1717 ·
1460 1696 1462 1703 ·
1515 1646 1517 1691 s

278 1778 381 1855 disto
395 1775 579 1875 Episcopo
594 1778 632 1852 ln
648 1774 784 1873 judicio
813 1779 1110 1876 comparentibus
1127 1806 1170 1860 ac
1184 1781 1320 1865 volun·
1443 1834 1446 1849 ι
1516 1830 1518 1837 v

277 1895 375 1972 tarie
390 1895 431 1971 io
449 1892 558 1971 causa
580 1893 792 1991 huiusmodi
816 1894 985 1972 concludi
1000 1900 1207 1993 petentibus
1229 1926 1321 2000 pre·
1363 1960 1366 1969 ι
1518 1890 1519 1907 ¹

278 2007 376 2086 satus
393 2008 597 2108 Episcopus
613 2032 699 2087 curn
715 2007 853 2087 eisdem
875 2012 1023 2087 Iohanne
1050 2013 1152 2110 husen
1168 2017 1204 2094 dr
1220 2021 1319 2099 Har
1329 2104 1334 2109 ,

277 2122 440 2222 tungrim
463 2126 675 2227 hujusmodi
695 2126 800 2207 causa
823 2130 1122 2210 concludentibus
1142 2139 1320 2221 conclusit
1368 2170 1373 2181 ι
1520 2140 1521 2159 ¹

280 2249 316 2323 d
302 2246 474 2323 habuit
488 2265 557 2342 pro
574 2242 768 2321 concluso
756 2272 794 2322 sn
811 2264 913 2327 certo
931 2251 1088 2331 termino
1099 2257 1146 2331 ad
1164 2258 1236 2337 hoc
1249 2264 1321 2342 sla.
1353 2293 1358 2301 ·

281 2380 361 2445 tuto
380 2379 428 2443 ut
440 2347 635 2441 successsve
655 2362 803 2441 Isshanna
826 2364 875 2442 U
860 2364 923 2464 fin
943 2364 979 2441 dr
996 2366 1179 2463 Hannngo
1193 2380 1322 2471 predi

283 2491 350 2570 slis
366 2512 497 2568 coram
512 2487 642 2561 eodem
666 2486 872 2586 Episcopo
862 2506 900 2567 m
920 2487 1056 2589 iudicio
1072 2506 1321 2595 comparenti.
1437 2519 1441 2529 ·
1460 2554 1463 2565 .

282 2608 349 2685 hus
362 2631 411 2684 ac
425 2591 660 2682 diffinitivam
681 2601 929 2685 sententiam
918 2632 957 2683 ιιι
978 2608 1084 2687 causa
1108 2614 1323 2714 hujusmodi

285 2720 628 2825 semipatentibus
616 2744 655 2796 m
670 2737 772 2798 certa
796 2726 854 2801 die
873 2724 1010 2802 adhoc
1033 2729 1174 2823 presure
1193 2736 1321 2831 presa

286 2860 343 2920 tus
359 2835 563 2938 Episcopus
585 2832 720 2910 vifis&
746 2838 943 2939 diligenter
961 2836 1128 2938 inspehlis
1150 2851 1322 2935 omnibus
1349 2931 1351 2939 ,
1398 2877 1402 2890 ’

287 2960 490 3067 drsmgulis
507 2953 765 3061 amisaditatis
777 2962 913 3040 habitis
929 2964 965 3039 dr
980 2966 1168 3062 produslis
1185 2972 1221 3049 in
1232 2998 1322 3051 cau·
1430 3022 1438 3031 ·

286 3084 322 3165 sa
339 3074 555 3177 hujusmodi
576 3074 734 3173 ipsisque
757 3098 841 3152 cum
863 3077 1050 3177 diligentia
1074 3084 1257 3159 recenfitis
1282 3084 1322 3163 d:
1404 3166 1406 3172 Α

287 3190 501 3275 examisratis
522 3212 567 3265 ac
581 3188 681 3267 fasta
695 3184 804 3287 super
821 3188 891 3266 biis
907 3192 1074 3267 omnibus
1088 3192 1322 3275 auditoribus

273 3291 482 3389 ⁸causarum
497 3301 584 3377 diui
599 3302 726 3399 palatii
744 3302 928 3382 relatione·
939 3302 1146 3399 plenaria&
1162 3304 1260 3383 fideli
1274 3310 1322 3387 de

287 3422 451 3525 ipsorum
470 3416 682 3496 auditorum
699 3418 891 3497 conssllodr
905 3414 1038 3495 assensu
1057 3440 1126 3513 per
1139 3417 1239 3499 suam
1250 3422 1341 3501 dis-¹

288 3538 470 3619 finitivam
500 3531 724 3621 sententiam
735 3532 990 3669 pronuntiavit
1011 3533 1232 3610 decrevit&
1258 3540 1325 3615 de·

290 3650 446 3734 claravit
464 3666 579 3747 prout
599 3650 668 3727 bec
691 3650 814 3735 omnia
837 3650 872 3724 in
903 3652 1031 3730 eodem
1056 3649 1182 3727 libello
1206 3654 1325 3747 petita
1461 3728 1466 3738 r

289 3770 438 3846 strarant
451 3785 520 3859 per
533 3766 688 3843 eundem
711 3766 918 3859 auditorem
942 3762 1172 3853 Johannem
1162 3787 1199 3839 sn
1218 3760 1327 3843 causa

291 3876 502 3977 hujusmodi
522 3877 618 3952 male
626 3853 796 3965 suissed
819 3869 888 3948 esse
907 3871 1112 3969 processum
1131 3870 1326 3949 sententia·
1329 3874 1333 3884 “

292 3992 427 4080 tum&
451 3990 648 4071 diffinitum
673 3990 898 4089 dislamque
909 3983 1123 4063 sententimn
1144 4010 1327 4065 revocan-

294 4114 375 4188 dam
388 4108 474 4187 sore
495 4109 531 4187 de
557 4110 750 4210 revocavit
769 4108 805 4183 dr
826 4112 897 4203 pso
917 4118 1023 4201 parte
1056 4098 1144 4177 dicti
1168 4095 1329 4175 Iohannis

296 4224 476 4323 Hapelonis
500 4224 546 4300 ab
564 4202 690 4303 eadem
709 4222 885 4299 sententia
901 4216 992 4293 bene
1007 4210 1112 4297 fuisse
1129 4211 1164 4287 ds
1181 4206 1250 4287 esse
1264 4219 1391 4310 ap.-'

296 4341 475 4439 pellatam
497 4362 566 4468 nec
580 4360 654 4452 non
664 4333 822 4445 grauhrn
843 4330 1130 4461 acceptationem
1150 4326 1184 4401 da
1201 4324 1356 4423 provi-

790 4464 821 4546 C
847 4487 872 4549 2
1062 4456 1276 4540 stenem
