3509 5392
523 650 574 724 70
863 569 1195 697 dmm.
1478 355 1493 806 R

477 821 700 901 Canonicum
715 821 776 898 vel
792 821 973 899 vicarium
988 822 1095 923 hujus
1112 819 1276 934 Ecqleliae
1283 821 1481 921 recipiamur

476 935 543 1016 nili
558 937 659 1036 prius
674 940 721 1012 ad
737 937 772 1014 S.
796 938 869 1014 Dei
876 939 1076 1041 Evangelia
1095 930 1477 1036 juravetiqquodl’rae

477 1056 635 1131 laturam
659 1055 892 1150 prebendam
906 1058 968 1132 vel
983 1057 1159 1134 vicariam
1177 1053 1277 1134 firam
1292 1054 1474 1152 respabiiv

478 1187 551 1242 non
578 1167 790 1267 gravaverit
816 1165 937 1263 aliqua
960 1168 1129 1266 pensione
1156 1191 1223 1245 nec
1243 1166 1319 1266 ipse
1348 1168 1475 1265 postha

478 1285 630 1356 eandem
658 1301 813 1380 gravare
829 1283 890 1356 vel
906 1284 1162 1384 quoquomodo
1179 1281 1383 1361 consentire
1405 1281 1480 1358 veli

478 1409 523 1496 vt
544 1391 711 1490 pensione
726 1396 849 1492 aliqua
870 1415 1058 1494 oneretur,
1079 1399 1199 1498 stoque
1221 1399 1394 1497 qualibet
1413 1419 1481 1495 per

479 1508 567 1588 sona
584 1529 775 1608 antequam
790 1515 837 1586 ad
851 1511 1098 1610 poliellionem
1115 1517 1177 1591 vel
1196 1517 1305 1592 etiam
1314 1513 1482 1614 juramen

480 1637 557 1700 tum
587 1626 828 1723 prestandum
854 1630 1098 1724 admittatur,
1131 1630 1325 1733 diligenter
1346 1598 1499 1728 desupeb

480 1745 613 1825 avisari
628 1749 746 1826 debet.
1498 1748 1499 1807 l

824 1909 1021 1992 CAPVT
1068 1915 1152 1992 Vll.

479 2071 538 2151 De
564 2075 925 2175 cauomepraepanaa
943 2096 1009 2178 per
1027 2079 1214 2173 Prolatos,
1241 2076 1421 2154 Canom'cos
1434 2079 1501 2156 Ec·

680 2195 777 2297 olefiae
799 2213 879 2274 ante
898 2201 1056 2298 αάφταυι
1069 2191 1299 2297 poffifflonem.

476 2325 674 2440 Praeterea
688 2362 874 2440 stomimus
890 2359 926 2438 ἀ
942 2361 1150 2440 ordinamus
1158 2376 1201 2438 ut
1215 2361 1370 2460 quilibet
1383 2362 1504 2460 cujus-

479 2502 622 2578 cunque
641 2479 750 2556 etiam
770 2476 984 2574 nobilitatis,
1002 2479 1129 2571 llutos,
1155 2477 1303 2580 gradus,
1328 2476 1392 2547 vel
1416 2499 1505 2551 con-

479 2599 625 2675 ditionis
652 2593 845 2691 extiterit,
884 2595 951 2691 qui
974 2593 1249 2692 Praeposrturam
1272 2591 1505 2668 Decaoatum

478 2718 686 2796 Custodiam
719 2717 780 2791 vel
813 2711 1073 2790 Canooieatum
1094 2715 1155 2790 vel
1179 2711 1415 2811 prebendam
1434 2711 1505 2786 ali-

479 2857 587 2934 quam
608 2833 645 2908 in
657 2830 754 2928 soepe
771 2827 867 2905 diua
884 2828 1040 2906 Ecclesia
1055 2830 1176 2906 nostra
1202 2847 1418 2925 quacunque
1435 2849 1504 2902 au-

471 2952 651 3031 thoritate
666 2951 816 3045 adeptus
833 2946 962 3042 fuerit,
986 2961 1153 3024 teneatur
1165 2960 1247 3023 ante
1254 2945 1428 3022 traditam
1436 2944 1506 3022 fibi

410 3139 412 3145 .
477 3063 723 3169 pollefflonem
750 3058 979 3157 corporalem
999 3061 1149 3138 Decano
1172 3059 1393 3156 &Capitulo
1414 3083 1505 3137 cau-

476 3179 615 3258 tionem
631 3180 702 3256 fide
716 3175 900 3276 julioriam
914 3180 1084 3273 praeliare
1099 3177 1316 3274 &exhibere
1330 3197 1400 3272 per
1408 3179 1506 3258 duos

409 3311 410 3318 ‘
478 3306 644 3398 honellos
668 3303 765 3380 viros
789 3297 981 3382 soeculares
1006 3302 1146 3378 nobiles
1167 3301 1225 3377 vel
1244 3301 1336 3377 alios
1355 3301 1430 3387 fide
1447 3307 1506 3381 di-

477 3445 588 3523 gnos,
618 3425 813 3498 dunrinodo
830 3437 951 3498 tamen
967 3422 1056 3497 tales
1070 3423 1189 3519 quoad
1209 3419 1421 3518 hujusmodi
1428 3423 1506 3502 fide

476 3537 660 3640 jussoriam
677 3540 879 3616 cautionem
893 3537 1057 3618 Ecclefiae
1077 3537 1320 3636 jurisdictioni
1338 3535 1506 3617 sesubii-

478 3659 602 3752 ciant,
638 3658 701 3754 qui
720 3659 765 3732 de
785 3658 983 3734 relevando
1006 3655 1197 3735 Ecclesiam
1219 3655 1432 3754 Capitulum
1467 3658 1506 3738 ἃ

475 3763 675 3872 nngalai-el
684 3765 853 3866 personas
869 3767 1030 3876 ejusdem
1040 3769 1224 3848 indemnes
1238 3789 1267 3844 a.
1277 3765 1506 3870 quibuscun-

473 3907 550 3982 que
582 3887 751 3963 molelliis
784 3884 1120 3985 perturbationibus
1159 3885 1297 3963 damnis
1321 3884 1506 3982 periculis

477 4004 691 4102 armenie&
709 4001 873 4084 interelle
904 4027 983 4103 quae
1000 4002 1182 4084 occalioue
1199 4002 1359 4104 ejusdem
1374 4001 1506 4104 digni·

476 4126 561 4204 tatis
581 4123 656 4199 slve
672 4123 881 4221 prebenda
899 4136 1010 4222 atque
1033 4121 1130 4200 illius
1154 4124 1296 4202 traditae
1311 4116 1506 4220 poileio·-

476 4247 531 4323 nis
542 4265 731 4344 emergere
747 4243 807 4316 vel
817 4244 1029 4345 contingere
1041 4241 1223 4341 possentse
1236 4240 1272 4324 se
1287 4261 1506 4344 percorum

329 4367 333 4385 ¹
474 4355 592 4461 figilla
609 4351 829 4465 fidejttll‘orel
853 4359 1079 4438 constituant

762 4509 770 4554 l
971 4512 975 4522 ¹
1264 4467 1293 4492 ⁹
1327 4473 1455 4557 (CA-
