3509 5392
626 757 633 780 ι

279 859 382 940 utatis
406 856 465 969 uel
479 831 663 934 affinitatis
691 851 751 930 vel
766 845 918 930 alterius
940 848 1039 926 mter
1051 851 1293 954 conannas,

281 978 385 1053 donn
407 991 490 1050 ante
519 971 741 1073 coniungant
766 991 828 1046 eos
857 949 1192 1072 matrimonialiter,
1224 968 1289 1050 sed

280 1115 314 1187 p
308 1092 466 1185 ullicent,
493 1087 590 1184 quod
621 1088 767 1184 proles,
801 1105 872 1182 que
892 1107 939 1160 ex
958 1084 1193 1163 matrimonio
1213 1085 1288 1164 stne

279 1195 1289 1304 solempnitatepredidlaeontradlacenseuturillegitima,
1418 1212 1446 1285 ¹.

279 1313 479 1408 sacerdotes,
506 1314 569 1412 qui
591 1330 719 1392 cotnra
734 1310 918 1407 fecerint,
958 1326 1148 1410 tamquam
1168 1327 1287 1390 trans·

280 1427 436 1518 pressores
457 1423 612 1506 Cononis
630 1413 842 1524 punientur.

357 1561 642 1660 Eucharistiam,
671 1566 790 1640 oleum
807 1557 1100 1658 sacramenia
1117 1517 1287 1653 eaesefia·
1348 1607 1350 1611 ·

278 1678 357 1758 ilica
362 1681 558 1762 sacrament
544 1698 582 1756 ta
597 1679 738 1868 gratisd
727 1678 762 1754 dt
787 1697 881 1773 pure
903 1693 1058 1776 propter
1075 1677 1196 1754 Deum
1217 1676 1289 1752 mi

279 1797 401 1876 nistrari
420 1795 685 1896 precipimus,
717 1783 836 1890 alaspe
850 1814 925 1870 non
946 1792 1115 1886 exclusa,
1151 1815 1223 1890 quo
1240 1793 1288 1867 de
1309 1795 1338 1855 -‘

279 1909 342 2008 jure
361 1907 421 1984 sno
444 1906 511 1982 srbi
527 1927 596 2004 per
618 1899 803 1979 subditum
823 1899 1055 1982 velsubditos
1069 1904 1288 2004 respondea-
1374 1909 1386 1976 t

280 2046 328 2104 tur
340 2026 459 2104 debito
467 1999 558 2102 five
577 2045 622 2099 ex
638 2019 925 2115 consuetudine,
950 2022 1026 2101 five
1041 2048 1088 2102 ex
1101 2023 1183 2125 jure
1198 2019 1288 2102 seri

280 2163 342 2246 pto
345 2145 639 2246 netsepulturam
658 2142 724 2220 fibi
739 2144 897 2244 deneget
908 2158 1062 2244 propter
1077 2144 1132 2244 jus
1147 2139 1216 2220 fibr
1225 2140 1288 2214 de

280 2256 378 2338 bitum
397 2262 460 2338 vel
481 2259 560 2341 aliis
576 2255 820 2334 creditoribus
842 2255 907 2332 nist
926 2278 995 2353 per
1018 2258 1128 2336 aliam
1143 2249 1288 2334 mnsattn
1336 2270 1338 2275 ·

281 2367 676 2452 Canonicamnotoriam
699 2363 889 2466 sepultura
906 2365 972 2446 srbi
987 2369 1118 2448 debeat
1131 2363 1207 2448 elle
1231 2361 1292 2480 ine

282 2487 426 2566 terdidia.

358 2621 445 2702 Item
465 2615 704 2720 prohibemus
718 2593 867 2698 Clerieis
879 2619 916 2696 dr
930 2591 1105 2722 precipue
1123 2624 1208 2720 hiis,
1223 2629 1291 2725 qui
1316 2610 1322 2618 “

282 2738 393 2817 suntin
408 2735 531 2840 saeris,
558 2737 676 2816 drhiis
690 2788 703 2833 ,
717 2788 719 2797 ,
733 2738 796 2840 qui
817 2733 900 2813 sunt
919 2739 1144 2836 beneficiati,
1176 2737 1289 2820 etiarn
1331 2775 1336 2800 ι

282 2851 377 2930 inan
396 2851 466 2928 fint
481 2851 519 2928 in
541 2849 670 2949 sacris,
697 2854 796 2950 quod
811 2853 1129 2956 negotiationibus
1151 2851 1287 2956 illicitis
1334 2933 1341 2940 ,
1458 2857 1472 2917 f
1501 2841 1508 2867 “

251 2983 252 2988 ‘
283 2993 341 3048 non
358 2967 565 3068 intendant,
584 2967 796 3075 &negocia
815 2967 993 3050 secularia
1021 2995 1096 3055 non
1115 2969 1296 3071 frequen·
1349 3024 1357 3083 ¹,
1401 3039 1406 3046 .

251 3095 259 3114 ⁸
284 3093 354 3164 lant.
1330 3102 1335 3113 “

359 3211 450 3288 Item
471 3175 637 3286 omnibus
654 3207 804 3306 Clericis
824 3211 943 3292 nostre
960 3205 1118 3295 civitatis
1135 3216 1173 3294 dr
1196 3213 1289 3294 Dio·

283 3319 335 3400 tes.
358 3325 585 3446 inhibemus,
604 3349 651 3402 ne
674 3327 753 3426 quis
772 3329 902 3414 eorum
917 3331 985 3414 libi
999 3331 1153 3415 assumat
1165 3329 1288 3413 causta·

283 3455 349 3518 rum
365 3423 616 3550 cognicionem
643 3444 680 3522 dr
701 3446 991 3545 iurisdietionem
1018 3466 1204 3552 tamquam
1226 3475 1290 3544 or,

283 3556 441 3652 dinarius,
467 3555 534 3636 nist
553 3577 737 3660 competat
753 3587 787 3640 er
775 3562 872 3641 hae
887 3564 1004 3664 aiure
1021 3565 1083 3647 vel
1099 3569 1289 3652 consmtu.
1319 3605 1323 3614 ι

283 3677 348 3788 dine
370 3681 428 3754 vel
448 3677 569 3756 nostra
573 3673 823 3778 permissione.
1095 3751 1101 3764 ι

360 3797 452 3876 Item
467 3797 686 3888 inhibemus,
707 3819 753 3874 ne
775 3794 855 3897 quis
868 3764 1066 3879 sentencias
1080 3819 1291 3884 excommu-

283 3912 469 4010 nicationis,
493 3904 727 4012 suspensionis
749 3915 808 3991 vel
823 3913 1009 3996 intendisti
1021 3917 1205 4014 proferat,
1225 3917 1292 4006 nist

283 4019 311 4100 in
323 4025 502 4126 scriptis&
518 4031 681 4133 legitima
695 4030 899 4108 monitione
914 4029 1132 4133 premissa,
1121 4057 1159 4110 ιιι
1174 4031 1294 4130 specie
1319 4109 1326 4120 ,

283 4144 354 4218 val
344 4171 378 4222 ιιι
395 4171 545 4250 genere
579 4151 800 4239 Volumus
810 4152 940 4251 etiam,
965 4154 1065 4252 quod
1090 4152 1294 4233 sacerdotes

283 4249 425 4341 subditos
442 4259 524 4344 suos
546 4283 680 4369 togam
692 4269 738 4344 ad
756 4264 1029 4358 observantiam
1047 4269 1295 4353 sacrorumse·

286 4365 404 4458 storum
422 4379 630 4482 delibando
657 4379 858 4472 avedluris
878 4383 915 4462 ἀ
932 4388 1148 4469 mercaturis
1167 4385 1295 4487 publi

978 4502 1332 4617 ·ciss
