3509 5392
336 628 502 733 ''122
791 628 1097 715 'm

430 859 582 948 quentes
600 848 665 925 illa
679 844 758 925 tibi
772 841 933 922 libenter
951 841 1199 941 concedimus,
1223 866 1295 944 per
1309 857 1468 947 quatuo

430 960 558 1038 decori
580 960 617 1036 dc
643 955 812 1061 dignitati
835 968 1043 1052 opportune
1067 953 1277 1032 consulatur
1317 953 1354 1029 dc
1376 976 1471 1069 erga

427 1073 599 1181 personas
615 1074 684 1151 tibi
703 1087 825 1177 gratas
846 1070 883 1146 dc
903 1086 1070 1169 acceptas
1082 1069 1282 1173 gratiosum
1300 1085 1337 1148 te
1348 1072 1468 1147 osten·

326 1234 328 1239 ·
430 1194 517 1268 dere
540 1186 677 1286 poliis3
702 1208 820 1285 nuper
836 1184 1014 1283 siquidem
1035 1184 1153 1265 Nobis
1180 1185 1318 1283 exponi
1336 1183 1469 1279 fecisti,

428 1307 527 1407 qood
542 1327 626 1381 com
640 1302 790 1380 Eledtor
801 1298 1022 1378 Colonienfis
1036 1322 1106 1397 pro
1124 1314 1292 1399 tempore
1311 1301 1469 1381 existens

426 1423 467 1501 in
487 1423 611 1523 primo
627 1421 674 1495 ad
692 1416 886 1495 Ecclesiam
914 1413 1016 1492 suam
1035 1414 1286 1495 coloniensem
1301 1418 1469 1499 adventu

425 1540 474 1619 ab
495 1533 738 1633 antiquiffimo
769 1546 936 1627 tempore
972 1530 1066 1607 citra
1090 1529 1126 1606 dc
1150 1533 1248 1619 ultra
1272 1530 1468 1611 hominum

426 1648 644 1733 memoriam
665 1668 712 1722 ex
742 1643 941 1746 privilegio
961 1698 976 1737 ,
1008 1657 1051 1719 ut
1068 1642 1327 1723 verofimiliter
1344 1646 1468 1723 credi-

365 1756 367 1761 ’
430 1790 522 1863 tur,
548 1768 764 1865 Apostolico
776 1767 891 1845 fuerit
908 1767 947 1844 in
962 1762 1175 1863 possessione
1194 1750 1292 1864 quafi
1309 1764 1467 1865 jurisla-

426 1884 546 1967 ciendi
562 1883 757 1980 primarias
786 1904 914 1980 preces
940 1883 988 1958 ad
1011 1881 1213 1959 Collatores
1240 1878 1303 1958 seu
1326 1880 1466 1959 electo-

381 2080 384 2097 ,
424 2025 486 2082 res
502 2001 564 2075 vel
580 1997 696 2096 alios,
731 1999 779 2075 ad
794 2021 885 2097 quos
901 1996 1095 2097 provisio,
1129 1993 1271 2073 Eleetio
1296 1994 1360 2075 seu
1388 1997 1465 2075 alia

405 2121 568 2223 ¹quaevis
599 2118 782 2223 dispositio
810 2118 1074 2198 beneficiorum
1102 2118 1209 2198 dittae
1236 2120 1396 2213 ciuitatis
1425 2117 1464 2195 dr

424 2238 598 2320 Dioecefis
633 2236 854 2317 coloniensis
874 2235 1061 2340 pertinet,
1092 2252 1134 2315 tu
1154 2238 1311 2335 proinde
1335 2240 1376 2317 in
1395 2253 1463 2313 tuo

332 2410 349 2463 3
370 2336 401 2401 ³⁴·
422 2354 544 2452 primo
563 2354 610 2430 ad
624 2350 760 2430 didiam
777 2350 971 2430 Ecclesiam
988 2353 1149 2429 adventu
1165 2355 1358 2431 nonnullas
1373 2375 1463 2451 pre·

334 2466 336 2471 ’
421 2491 481 2546 ces
494 2474 541 2544 ad
562 2469 754 2575 nonnullos
779 2468 972 2547 collatores
996 2466 1033 2543 dr
1058 2465 1235 2545 elediores
1263 2469 1326 2545 vel
1344 2469 1460 2570 alios,

302 2670 304 2675 ,
421 2582 471 2658 ad
494 2576 583 2679 quos
603 2581 790 2679 provisro,
816 2579 947 2658 elediio
964 2582 1026 2658 vel
1048 2582 1120 2657 alia
1145 2580 1283 2679 quaeuis
1310 2576 1461 2680 dispost-

420 2695 474 2772 tio
500 2699 761 2808 beneficiorum
774 2694 881 2772 didiae
898 2695 1056 2772 civitatis
1076 2694 1110 2769 tit
1128 2684 1285 2773 diocesis
1295 2698 1460 2795 pertinet

420 2833 493 2912 pro
512 2811 695 2889 nonnullis
710 2809 870 2909 personis
892 2811 959 2887 tibi
974 2811 1090 2915 gratis
1106 2810 1311 2911 &acceptis
1325 2813 1458 2909 fecisti,

419 2946 535 3025 prout
554 2933 592 3008 in
620 2930 779 3047 publicis
803 2930 1048 3009 instrumentis
1072 2927 1136 3007 seu
1169 2931 1378 3028 patentibus
1393 2934 1458 3009 vel

418 3041 498 3119 aliis
529 3041 660 3120 litteris
685 3040 722 3117 dr
746 3039 934 3138 scripturis
976 3039 1131 3140 desuper
1163 3040 1294 3120 eredis
1321 3043 1459 3121 dicitur

379 3158 383 3169 '
416 3157 560 3253 plenius
591 3156 791 3254 contineri3
816 3155 911 3233 Cum
929 3172 1067 3252 nutem,
1092 3153 1182 3233 ficut
1197 3159 1323 3234 eadem
1341 3180 1458 3256 expo·

415 3270 497 3349 sttio
524 3272 788 3375 subjungebat,
818 3264 905 3349 ficet
919 3296 1047 3370 preces
1061 3296 1130 3370 per
1147 3289 1183 3349 te
1202 3272 1308 3353 faclae
1326 3266 1464 3374 hujus-'

418 3387 533 3478 modi,
543 3400 655 3484 prout
670 3385 750 3461 aliae
766 3408 788 3462 a
803 3384 1125 3483 praedecessoribus
1142 3386 1212 3462 tuis
1229 3385 1455 3465 fadiaesorti·

413 3517 463 3578 tae
484 3501 635 3583 fuerunt
650 3500 778 3597 strum,
802 3517 844 3576 ut
860 3524 929 3600 par
951 3502 1027 3595 est,
1053 3500 1253 3596 effessum,
1280 3500 1454 3601 consequi

414 3612 598 3705 debean,
625 3617 710 3708 quia
734 3626 855 3688 tamen
881 3614 925 3688 de
940 3610 1155 3709 Apostolico
1176 3613 1454 3716 privilegiohu-

413 3718 575 3822 jusmodi
593 3725 700 3801 oliter
716 3748 823 3823 quam
848 3747 917 3823 per
939 3724 1242 3805 immemorialem
1259 3726 1451 3805 consuetu-

412 3835 535 3913 dinem
561 3838 775 3934 praedidiam
806 3839 939 3916 docere
961 3865 1034 3916 non
1051 3857 1177 3940 potes,
1209 3843 1313 3920 nobis
1334 3842 1454 3923 fecisti

409 3950 601 4031 humiliter
616 3952 814 4054 supplicari
837 4009 850 4052 ,
872 3973 914 4033 nt
934 3956 1038 4036 distis
1057 3959 1227 4056 precibus
1246 3983 1315 4059 per
1336 3977 1372 4037 te
1393 3961 1451 4039 fa·

408 4068 478 4145 tris
500 4091 570 4169 pro
592 4095 719 4151 earum
744 4075 965 4151 subsistentia
989 4076 1178 4172 firmiore,
1205 4080 1322 4156 robur
1340 4080 1455 4176 Apo·

408 4182 542 4259 stolicae
570 4189 857 4301 confirmationis
882 4189 1075 4287 adjicere,
1107 4191 1270 4291 aliasque
1293 4193 1332 4269 in
1351 4215 1451 4289 prae-

408 4312 519 4393 stillis
545 4330 754 4415 opportune
768 4317 970 4418 providere
984 4340 1031 4397 ex
1047 4319 1262 4421 Apostolica
1279 4320 1451 4425 benigni-

1316 4472 1394 4536 tate
