3509 5392
655 572 1056 716 ml·
1206 663 1381 782 27.

626 841 824 922 CAP-VT
870 841 953 920 XIL

328 1005 499 1112 Qalicer
525 1007 680 1086 damasci
702 1005 870 1082 licentiam
886 1020 999 1105 petere
1021 1005 1161 1084 debeam
1177 1008 1258 1091 &a
1372 1065 1381 1104 q

754 1124 846 1227 qm?

277 1259 374 1370 Item
393 1291 605 1370 ordinamus
627 1281 734 1391 quod
750 1287 963 1370 canonieus‘
974 1275 1100 1371 v'olens
1119 1291 1155 1370 se
1173 1294 1219 1376 ad
1235 1298 1303 1372 ali-

278 1411 375 1506 quod
391 1425 536 1506 tempus
552 1405 738 1488 absentare
763 1421 930 1496 teneatur
944 1430 1012 1507 per
1028 1406 1065 1486 se
1082 1412 1141 1486 vel
1157 1434 1227 1509 per
1237 1415 1303 1490 ali-

277 1549 338 1602 um
363 1537 494 1624 petere
511 1525 691 1600 licentiam
707 1522 968 1603 aDeeanosrve
986 1524 1024 1601 in
1032 1523 1192 1630 absentia
1208 1534 1302 1627 ejus·

275 1644 358 1718 dem
375 1638 556 1720 aseniore
574 1643 1028 1741 Canonicoprotempore,
1055 1641 1302 1724 srautemnul-
1402 1666 1405 1675 ’

274 1761 327 1835 lus
346 1780 476 1835 eorum
492 1777 660 1856 repertus
683 1758 819 1852 fuerit,
842 1759 940 1836 idem
956 1780 1085 1836 curare
1107 1759 1236 1859 debet,
1259 1779 1302 1842 ut

273 1876 393 1952 abitus
417 1877 477 1952 vel
498 1873 652 1952 recessus
667 1873 750 1952 suus
769 1899 812 1952 ac
836 1876 981 1952 licentia
999 1878 1152 1975 petenda
1167 1884 1301 1976 praedi-
1317 1853 1336 1914 ‘³

273 1997 331 2072 dlo
352 1998 501 2075 Decano
517 2017 581 2076 aut
596 1997 728 2078 seniori
745 2001 927 2078 Canonico
948 2003 995 2078 ad
1022 2005 1221 2089 eorundem
1240 2027 1300 2082 re-

272 2117 435 2218 spetlive
456 2117 605 2198 domum
619 2121 807 2198 intimetur
824 2121 858 2198 dc
874 2120 1051 2222 Magister
1063 2119 1298 2220 sospennonis
1345 2123 1349 2130 “
1381 2124 1386 2134 ’

272 2259 340 2335 pro
361 2251 530 2334 tempore
546 2241 592 2316 de
611 2236 819 2338 hujusmodi
840 2236 979 2317 recessu
995 2238 1031 2314 dc
1045 2240 1189 2316 licentia
1216 2264 1297 2320 cer·
1390 2327 1395 2334 ¹
1505 2303 1512 2312 ,

273 2357 443 2430 timetur.
533 2421 536 2428 .

362 2484 458 2560 Item
477 2484 679 2584 quicunque
699 2468 971 2564 'canonicorum
991 2483 1053 2560 vel
1070 2481 1298 2584 senpraeben.

277 2595 464 2672 dariorum
483 2597 520 2672 in
549 2599 741 2678 residentia
770 2597 922 2673 existens
948 2592 984 2672 se
1006 2600 1104 2675 ultra
1122 2613 1195 2677 tres
1218 2602 1294 2683 dies

278 2707 542 2806 absentaverit,
574 2714 714 2790 rediens
731 2709 992 2788 restitutionem
1014 2705 1079 2784 sub
1103 2711 1247 2824 Diyinis
1271 2739 1296 2796 a

276 2827 420 2906 Decano
443 2825 639 2924 stpraesens
656 2831 720 2926 sn,
744 2827 928 2904 sinautem
946 2820 1122 2902 aseniore
1137 2828 1294 2906 eanoni-
1382 2887 1391 2896 .
1523 2822 1525 2877 ἶ

267 2971 312 3024 co
326 2966 390 3026 aut
406 2948 480 3024 alio
490 2945 686 3030 secundum
694 2949 833 3029 senium
848 2943 1093 3026 descendendo
1103 2946 1295 3047 petere'te·
1382 2977 1386 2981 ’
1522 2960 1525 3043 ζ

273 3081 412 3144 neatur.

608 3249 811 3332 enarr
856 3245 956 3324 xm.
1011 3259 1015 3359 j

272 3415 325 3493 De
349 3431 494 3514 tmepore
512 3414 649 3492 licencia
665 3417 786 3530 danda
803 3430 864 3512 per
874 3410 1114 3488 Decamtmoel
1126 3409 1291 3512 etiampc‘r

446 3534 624 3610 Damnum
640 3532 678 3608 fii
694 3535 889 3633 ‚Capitulum
904 3527 1112 3623 cmjuodim.

269 3677 448 3818 Quando
465 3703 609 3804 quidem
625 3705 865 3782 intelleximus
882 3759 894 3797 ‚
918 3705 1076 3803 antiqua
1099 3699 1291 3789 consuetu-

269 3829 350 3902 dine
367 3824 406 3896 in
425 3820 494 3896 hae
514 3818 666 3895 Ecclesia
687 3817 790 3896 fuisse
805 3818 1053 3896 introdudlum
1069 3819 1166 3912 quod
1177 3839 1291 3913 quan·

269 3939 457 4030 docunque
476 3930 606 4028 aliquis
623 3929 861 4009 Vicnrlorum¹
874 3927 1069 4025 simplicem
1098 3947 1141 4000 ac
1159 3923 1291 4002 indiffi-

267 4056 377 4131 nitam
399 4049 585 4126 aDecano
601 4047 750 4144 petierit
773 4043 1024 4122 &obtinuerit
1043 4041 1225 4117 licentiam
1251 4037 1288 4117 se
1307 4117 1311 4127 ,

259 4170 490 4268 absentandi,
516 4167 597 4244 talis
611 4165 752 4252 licentia
765 4167 938 4247 duntaxat
956 4153 1288 4235 unlusnoltistem-

269 4311 331 4382 pus
348 4280 659 4386 comprehendere
685 4278 890 4372 censeatur,
926 4277 950 4353 fi
968 4291 1089 4349 autem
1108 4290 1175 4369 per
1199 4271 1288 4350 duos

270 4417 328 4476 aut
341 4416 414 4476 tres
431 4399 507 4476 dies
523 4391 679 4476 vicarius
694 4409 840 4502 peteret
855 4389 1051 4486 licentiam,
1076 4383 1174 4575 qugd
1189 4381 1289 4490 illam

273 4551 279 4564 .
1161 4515 1240 4573 ena.
