3509 5392
632 686 1000 759 “Mt-*f*
1198 669 1245 791 it

267 887 452 989 ulteriora
470 875 584 964 eciam
597 889 771 986 usque-ad
790 885 938 961 totalem
947 886 1053 984 ipsius
1070 888 1295 967 consumma-

273 1009 418 1083 cion‘em
441 1005 613 1081 inclusive
627 1005 728 1103 juxta
749 1027 815 1101 pre
827 1002 1043 1084 insertarum
1070 1003 1320 1083 commumo-
1366 1021 1370 1029 ·

272 1125 325 1201 nis
341 1124 554 1230 litterarum
576 1124 652 1200 vim
666 1123 821 1230 formam
847 1126 1101 1202 continentiam
1116 1143 1224 1224 atque
1241 1139 1296 1200 te-

274 1261 405 1319 norem
427 1261 497 1338 pet
510 1263 573 1316 nos
590 1242 740 1338 procedi
755 1241 923 1318 instanter
940 1243 1151 1338 petiverunt
1164 1241 1296 1339 acqui·

274 1355 482 1434 viscosum
504 1356 720 1452 reproduxit
741 1354 922 1431 accusavit
944 1357 980 1430 tiz
1000 1354 1120 1433 debita
1144 1379 1227 1433 eum
1242 1355 1298 1430 in·

274 1469 626 1567 stanfiapoilulavit,
651 1469 1299 1550 NostuncPaulusDecanustirCom-
1408 1498 1414 1578 j

273 1575 458 1654 miffarius
475 1576 636 1674 prefatus
659 1580 786 1676 citatos
801 1579 1021 1675 hujusmodi,
1049 1579 1300 1675 utpresertur,

274 1717 346 1773 non
361 1711 617 1791 comparentes
633 1717 750 1792 nequo
772 1693 806 1771 se
829 1694 1037 1793 hujusmodi
1059 1697 1298 1796 permutatio-

275 1809 309 1888 ni
330 1829 526 1908 opppnere
547 1808 762 1885 volentes&
788 1824 954 1886 curantes
974 1811 1059 1887 licet
1083 1807 1300 1891 sufficienter

276 1929 431 2004 stultia
463 1917 595 2002 horam
620 1927 778 2004 debitam
796 1925 1027 2024 expeslantes
1047 1931 1298 2029 reputavimus

276 2049 411 2125 merito
434 2060 553 2141 prout
567 2041 681 2136 erant,
706 2045 744 2120 id
765 2047 932 2146 exigente
945 2044 1088 2144 justitia,
1113 2066 1301 2126 coutuma-

276 2187 331 2241 ces
350 2162 389 2238 u
411 2161 451 2237 in
468 2181 593 2236 eorum
608 2161 868 2236 contumaciam
892 2159 942 2237 eis
957 2161 1054 2236 viam
1076 2162 1300 2240 deceterose
1360 2244 1364 2256 ,

276 2273 493 2376 hujusmodi
512 2272 770 2369 permutationi
784 2273 991 2370 opponendi
1012 2273 1300 2370 preclusrmuscic

276 2384 530 2487 precludimus
547 2383 639 2458 acin
657 2383 788 2491 eodem
804 2383 956 2483 negocio
971 2385 1246 2478 permutationis
1254 2387 1302 2462 ad

278 2500 459 2577 ulteriora
480 2497 583 2594 juxta
602 2501 824 2593 prenarrata
847 2495 1108 2573 Commiffionis
1135 2514 1301 2576 tenorem
1376 2513 1382 2531 ‘

277 2642 345 2718 per
359 2639 428 2694 nos
448 2614 719 2710 procedendum
740 2609 824 2690 sore
845 2613 1071 2689 decrevimus
1087 2613 1123 2688 tie
1139 2613 1300 2688 decerni·
1413 2617 1418 2626 '

280 2751 360 2810 mus
385 2747 457 2826 per
469 2722 652 2822 presentes
672 2721 709 2797 δι
727 2724 811 2820 quia
825 2724 1131 2819 permutationem
1152 2729 1302 2811 eandem

280 2839 443 2942 exjustis
466 2837 501 2912 tic
520 2833 792 2914 rationabilibus
807 2835 1011 2913 caufisfieri
1024 2837 1303 2938 consensumque

284 2949 554 3038 collatorum&
576 2967 816 3049 patronorum
831 2952 1059 3049 aliorumque
1076 2975 1230 3049 quorum
1248 2957 1299 3032 in·
1370 3020 1378 3025 ,

281 3082 422 3147 tererat
444 3065 493 3140 ad
515 3064 552 3139 id
566 3063 786 3140 accedereae
794 3062 894 3138 aliud
902 3064 1121 3142 eanonicam
1137 3087 1302 3142 noncon·
1328 3139 1331 3144 .

281 3187 374 3264 stare
398 3177 645 3274 comperimus
659 3199 726 3253 nec
740 3195 812 3251 non
830 3197 899 3272 per
910 3173 1093 3253 Dominus
1114 3180 1304 3254 corradum
1347 3229 1352 3233 -

278 3292 361 3391 Affa
390 3289 633 3390 principalem
664 3286 703 3363 in
723 3283 831 3384 ipsius
853 3286 1078 3383 propriam,
1114 3287 1305 3374 Jolanoem

282 3425 415 3527 Specie,
445 3422 638 3510 Johanaem
652 3421 844 3512 Hammon,
858 3411 1096 3493 biaoariam
1109 3417 1303 3534 Rumpere,

280 3553 517 3628 Romanarum
541 3543 641 3634 Clepn
660 3539 817 3616 aliorum
837 3537 923 3612 hinc
945 3537 1027 3628 inde
1049 3537 1305 3635 principalium

280 3659 537 3766 prediblorum
553 3653 926 3756 compermutancium
941 3656 1122 3757 legitimos
1131 3680 1305 3755 procura-

280 3809 382 3869 tores
396 3781 712 3884 prenominatosin
731 3780 941 3858 eorumdem
960 3777 1108 3857 suorum
1122 3783 1306 3877 principa·
1387 3844 1393 3869 (
1524 3765 1529 3774 ’

281 3907 376 3982 lium
389 3898 528 3978 animas
548 3897 652 3976 tablis
668 3919 736 3995 per
756 3917 816 3973 eos
838 3892 873 3969 br
895 3915 1025 3971 eorum
1054 3895 1253 3989 quemlibet
1268 3894 1307 3969 in

281 4020 457 4103 manibus
471 4016 598 4094 nostris
616 4017 711 4092 titud
725 4013 886 4092 nostrum
900 4013 1107 4087 mandatum
1121 4004 1324 4103 scripturis,

281 4136 386 4215 sacro
403 4131 555 4225 saumis,
579 4133 679 4230 quod
692 4131 732 4207 in
748 4125 1032 4217 renunciatione,
1058 4119 1232 4218 cernone,
1247 4143 1307 4198 re·
1421 4142 1425 4155 ·

282 4255 485 4358 figtratione
501 4248 817 4350 &permutatione
835 4242 1043 4346 hujusmodi
1057 4266 1130 4320 non
1145 4242 1305 4318 interve·
1377 4276 1380 4285 ·

282 4371 527 4469 neritinus,
561 4369 686 4467 dolus,
710 4365 869 4469 symonia
889 4361 987 4441 labes
1014 4373 1079 4438 aut
1094 4358 1215 4458 aliqua
1237 4356 1308 4444 alia

799 4493 836 4574 D
865 4513 883 4586 ς
1188 4486 1261 4597 ³¹¹5ss
